2590 4388
333 283 394 344 rbo
570 273 602 346 'A
624 289 649 344 Ν
673 292 696 346 τ
719 297 741 346 v
764 297 783 346 e
808 296 832 349 tt
854 289 873 347 b
900 299 911 347 t
934 283 959 346 ll
1255 341 1258 348 .

180 371 279 440 ¹Anno
327 367 404 434 bant
434 379 489 432 aut
521 363 701 446 dotabant,
737 371 932 458 conabantur
965 364 1008 436 eis
1040 385 1214 460 procurare

186 477 279 528 rrrz.
328 457 416 524 bona
437 495 449 532 ,
471 476 543 541 quae
569 454 712 523 facilioris
737 457 911 527 diredtionis
934 475 1042 535 erant3
1063 457 1102 526 ne
1123 482 1214 528 nem·

327 542 369 637 pe
397 539 587 612 eccleliallici
619 543 759 618 multum
798 541 1034 616 distraherentur
1065 563 1121 618 aut
1151 550 1212 616 im·

327 630 506 726 peditentur
540 634 573 700 in
610 632 823 704 fundlionibus
860 634 932 704 suis.
974 633 1072 705 Tunc
1106 656 1212 706 autem

328 719 417 788 nulla
441 723 527 790 bona
549 723 695 792 facilioris
717 723 896 793 directionis
921 745 1009 793 erant
1021 723 1117 814 quim
1130 726 1213 794 deci·

326 833 391 878 mae
411 833 423 878 ε
447 810 554 880 omnis
576 813 662 879 enirn
685 811 776 880 labor
801 801 983 897 consistebat
993 815 1027 881 in
1036 837 1098 892 ee,
1122 815 1210 902 quod

325 897 419 968 semel
444 901 478 968 in
500 917 586 968 'anno
607 899 668 970 suo
685 902 1040 1006 temporelevarentut5
1063 926 1138 972 curn
1150 904 1211 972 alia

307 1011 534 1076 ‚quercumque
556 987 641 1058 bona
660 989 699 1078 in
725 985 898 1060 duellione·
930 990 1072 1060 multum
1095 992 1210 1062 laboris

324 1081 360 1144 δε
384 1075 592 1147 distradtiouis
621 1079 786 1182 exigerent.
820 1081 908 1150 Hinc
941 1079 1120 1150 fundatores
1148 1105 1210 1175 pro

240 1245 242 1250 Ι
323 1161 488 1245 firmandis
513 1167 755 1256 fundationibus·
772 1168 832 1238 suis
858 1169 995 1238 decimas
1017 1170 1133 1238 dabant
1152 1212 1165 1249 ,
1186 1163 1209 1238 li

307 1333 310 1341 ,
325 1252 487 1332 habebant
491 1281 502 1332 3
522 1253 548 1322 li
558 1279 626 1323 non
635 1255 812 1338 habebant,
825 1261 1019 1328 conabantur
1029 1260 1211 1346 acquirere,
1289 1347 1290 1350 Ἴ

327 1360 364 1411 ut
395 1342 542 1436 facilioris
571 1345 749 1414 diredlionis
778 1348 864 1415 bona
888 1365 1091 1441 procurarent
1114 1347 1212 1417 eccle-
1240 1419 1244 1428 ,
1289 1367 1290 1392 ³

308 1427 448 1522 ‚statius
482 1457 492 1501 r
528 1439 561 1500 δι
581 1452 713 1526 propter
738 1435 869 1504 eandem
888 1437 1040 1504 rationem
1067 1436 1210 1530 deinceps
1289 1461 1290 1518 j

322 1518 517 1590 eccleliastici
537 1521 673 1590 decimas
698 1521 802 1614 potitis
850 1521 925 1592 uim
946 1524 1006 1591 alia
1025 1527 1211 1594 bonaeme·
1289 1541 1290 1554 ¹

307 1611 408 1768 'quot
441 1609 518 1678 Inde
555 1607 746 1680 eccleliastici
776 1546 872 1680 hodie
907 1611 1020 1682 multas
1052 1607 1211 1705 possident
1289 1641 1290 1652 ¹

311 1762 315 1772 ,
346 1721 471 1768 eomas.

273 1837 278 1851 .
368 1785 497 1859 Interim
520 1787 653 1860 decimae
671 1789 828 1880 hodieque
848 1787 920 1860 sunt
935 1789 1089 1870 odibiles,
1106 1799 1140 1862 &
1154 1815 1210 1862 co-

297 1871 304 1890 ’
325 1875 394 1950 loni
406 1875 461 1946 fibi
480 1877 663 1972 persuasum
683 1879 822 1960 habent,
845 1879 876 1948 se
891 1901 952 1972 pro
966 1881 1210 1951 declinatoribus

293 1965 466 2038 ‘laborare
478 2013 491 2048 ‚
512 1970 631 2057 quin&
645 1967 676 2037 se
697 1969 756 2038 illis
780 1969 852 2038 dare
873 1969 1009 2038 decimas
1032 1993 1042 2038 t
1068 1991 1145 2040 curn
1163 1989 1210 2038 tea·

326 2079 401 2128 men
435 2057 541 2128 nullus
564 2056 664 2128 hodie
688 2056 817 2152 proprie
841 2058 894 2127 det
925 2059 1060 2128 decimas
1085 2100 1098 2138 ‚
1133 2081 1209 2127 nam

325 2147 528 2218 decimatores
553 2147 669 2218 tollunt
687 2148 776 2236 quod
799 2147 895 2215 sumn
917 2145 960 2214 est
982 2183 996 2226 5
1030 2169 1097 2213 non
1119 2148 1212 2235 quod

323 2237 521 2306 colonorum
552 2235 606 2304 elb
638 2233 797 2318 Tullum,
819 2237 950 2323 inquam
969 2277 981 2316 ,
1002 2235 1092 2323 quod
1111 2234 1212 2305 suunt

325 2323 371 2392 est
385 2326 420 2393 vi
441 2324 515 2396 'uris
538 2325 663 2414 ‚quod
677 2323 792 2393 habent
810 2349 848 2392 ex
869 2322 959 2392 dono
979 2347 1094 2392 eorum
1118 2366 1131 2403 ‚
1154 2327 1212 2413 qui

324 2413 374 2505 jus
404 2349 544 2494 adillns¹
559 2413 716 2492 habebant
734 2456 748 2494 ‚
769 2433 825 2482 aut
854 2413 945 2503 quod
977 2412 1094 2482 habent
1117 2413 1211 2482 titulo

326 2503 728 2668 uerteretur
744 2501 1210 2685 ultraue-lituu?

326 2681 417 2768 quod
439 2679 518 2749 dum
540 2681 675 2750 colonus
693 2706 735 2752 e„
765 2731 775 2750 .
798 2682 950 2751 conducit
970 2703 1082 2773 agrum
1107 2679 1212 2750 minue
1289 2721 1291 2742 r

327 2771 498 2874 quingentis
520 2766 645 2840 florenis
664 2811 676 2849 ‚
705 2704 831 2839 deleret
853 2771 995 2842 utrninus
1020 2765 1122 2836 mutue
1135 2769 1211 2837 dare
1285 2743 1291 2804 l

350 2880 511 2953 iungentes
526 2860 784 2953 quinquaginta,
810 2857 833 2928 st
857 2859 974 2930 firndus
994 2881 1060 2926 non
1085 2857 1213 2926 deberet

326 2883 490 3030 deciman
513 2951 654 3039 adeoque
671 2949 780 3019 retinet
803 2951 836 3018 in
866 2949 897 3018 se
927 2945 1028 3020 annue
1055 2949 1212 3038 quinqua·

325 3038 410 3127 ginta
435 3037 491 3108 llo.
512 3079 525 3118 ‚
547 3041 603 3129 qui
624 3039 698 3108 sunt
715 3039 808 3107 valor
827 3035 1022 3107 deeimarum
1056 3061 1066 3103 ε
1100 3035 1211 3104 conse-
1257 3045 1260 3058 '

325 3143 455 3212 quentet
486 3149 553 3200 non
587 3126 682 3196 hab'et
705 3127 794 3216 quod
815 3143 1023 3216 conqueranrr
1048 3123 1086 3188 de
1111 3145 1211 3193 onere

325 3213 556 3289 decimarum„

370 3301 516 3372 Similiter
548 3325 606 3374 nec
635 3297 855 3398 proprietarius
911 3315 1021 3370 avatur
1041 3321 1099 3394 per
1123 3303 1212 3372 deci-'

301 3419 302 3428 ¹
325 3414 394 3461 nias
421 3415 431 3462 t
454 3392 631 3481 quiadurn
652 3419 686 3461 v.
710 3414 741 3484 g.
767 3391 856 3458 emit¹
919 3387 999 3458 dum
1012 3389 1124 3459 decern
1135 3391 1210 3460 mil-

324 3477 406 3550 libus
418 3479 637 3561 florenorum,
659 3482 745 3549 daret
768 3498 803 3547 ut
823 3477 928 3548 minus
954 3477 1100 3548 undecim
1109 3479 1209 3550 millia

327 3565 351 3633 li
374 3570 490 3640 fundus
513 3591 660 3664 gravatus
683 3591 749 3636 non
774 3561 847 3635 ellet
867 3591 962 3638 onere
985 3570 1209 3647 decimarum

326 3657 549 3745 consequenter
571 3662 679 3728 retinet
691 3659 725 3724 in
746 3655 778 3724 se
789 3655 876 3728 mille
888 3655 1025 3728 florenos
1036 3681 1098 3752 pro
1111 3681 1208 3728 onere

305 3742 460 3836 illarum.
483 3747 598 3833 Nullus
620 3747 705 3844 enim
724 3765 853 3839 emptor
873 3745 968 3838 offert
991 3749 1129 3840 pretium
1144 3768 1207 3838 pro

554 3849 559 3859 ¹
1105 3859 1210 3930 agre,
