<?xml version="1.0" encoding="UTF-8"?>
<!DOCTYPE html PUBLIC "-//W3C//DTD XHTML 1.0 Transitional//EN"
    "http://www.w3.org/TR/xhtml1/DTD/xhtml1-transitional.dtd">
<html xmlns="http://www.w3.org/1999/xhtml" xml:lang="en" lang="en">
 <head>
  <title>
</title>
<meta http-equiv="Content-Type" content="text/html;charset=utf-8" />
  <meta name='ocr-system' content='tesseract 3.04.00' />
  <meta name='ocr-capabilities' content='ocr_page ocr_carea ocr_par ocr_line ocrx_word'/>
</head>
<body>
  <div class='ocr_page' id='page_1' title='image "./antverpiachrist02diergoog_0266.png"; bbox 0 0 2576 4386; ppageno 0'>
   <div class='ocr_carea' id='block_1_1' title="bbox 50 241 1151 2204">
    <p class='ocr_par' dir='ltr' id='par_1_1' title="bbox 249 241 948 346">
     <span class='ocr_line' id='line_1_1' title="bbox 249 241 948 346; baseline 0.003 -26"><span class='ocrx_word' id='word_1_1' title='bbox 249 241 471 322; x_wconf 77' lang='lat' dir='ltr'>Cnnrsro</span> <span class='ocrx_word' id='word_1_2' title='bbox 504 263 762 322; x_wconf 65' lang='lat' dir='ltr'>enatorum·</span> <span class='ocrx_word' id='word_1_3' title='bbox 882 261 948 346; x_wconf 75' lang='lat'>237</span> 
     </span>
    </p>

    <p class='ocr_par' dir='ltr' id='par_1_2' title="bbox 50 333 1114 968">
     <span class='ocr_line' id='line_1_2' title="bbox 73 333 1111 435; baseline -0.008 -24"><span class='ocrx_word' id='word_1_4' title='bbox 73 338 143 411; x_wconf 83' lang='lat' dir='ltr'>ravi</span> <span class='ocrx_word' id='word_1_5' title='bbox 177 361 280 435; x_wconf 87' lang='lat' dir='ltr'>poena</span> <span class='ocrx_word' id='word_1_6' title='bbox 303 341 495 433; x_wconf 89' lang='lat' dir='ltr'>Episcopo,</span> <span class='ocrx_word' id='word_1_7' title='bbox 517 339 555 410; x_wconf 68' lang='lat' dir='ltr'>nc</span> <span class='ocrx_word' id='word_1_8' title='bbox 578 341 610 407; x_wconf 94' lang='lat' dir='ltr'>in</span> <span class='ocrx_word' id='word_1_9' title='bbox 633 339 784 409; x_wconf 80' lang='lat' dir='ltr'>divisione</span> <span class='ocrx_word' id='word_1_10' title='bbox 803 341 950 429; x_wconf 66' lang='lat' dir='ltr'>Praebcm</span> <span class='ocrx_word' id='word_1_11' title='bbox 1014 333 1111 420; x_wconf 78' lang='lat' dir='ltr'>Anno</span> 
     </span>
     <span class='ocr_line' id='line_1_3' title="bbox 50 363 1114 524; baseline -0.008 -23"><span class='ocrx_word' id='word_1_12' title='bbox 50 363 175 500; x_wconf 56' lang='lat' dir='ltr'>iarum</span> <span class='ocrx_word' id='word_1_13' title='bbox 199 431 379 524; x_wconf 86' lang='lat' dir='ltr'>procedat,</span> <span class='ocrx_word' id='word_1_14' title='bbox 408 426 464 497; x_wconf 77' lang='lat' dir='ltr'>nist</span> <span class='ocrx_word' id='word_1_15' title='bbox 487 429 575 518; x_wconf 84' lang='lat' dir='ltr'>juxta</span> <span class='ocrx_word' id='word_1_16' title='bbox 586 448 729 497; x_wconf 89' lang='lat' dir='ltr'>tenorem</span> <span class='ocrx_word' id='word_1_17' title='bbox 747 427 947 502; x_wconf 82' lang='lat' dir='ltr'>concelsronis</span> <span class='ocrx_word' id='word_1_18' title='bbox 1017 447 1114 516; x_wconf 77' lang='lat'>1240.</span> 
     </span>
     <span class='ocr_line' id='line_1_4' title="bbox 55 515 951 607; baseline 0 -17"><span class='ocrx_word' id='word_1_19' title='bbox 55 522 149 598; x_wconf 76' lang='lat' dir='ltr'>suae,</span> <span class='ocrx_word' id='word_1_20' title='bbox 180 542 284 607; x_wconf 88' lang='lat' dir='ltr'>neque</span> <span class='ocrx_word' id='word_1_21' title='bbox 310 518 348 586; x_wconf 89' lang='lat' dir='ltr'>de</span> <span class='ocrx_word' id='word_1_22' title='bbox 374 537 486 589; x_wconf 82' lang='lat' dir='ltr'>caetero</span> <span class='ocrx_word' id='word_1_23' title='bbox 500 520 702 586; x_wconf 91' lang='lat' dir='ltr'>Canonicum</span> <span class='ocrx_word' id='word_1_24' title='bbox 714 515 871 599; x_wconf 83' lang='lat' dir='ltr'>instituat,</span> <span class='ocrx_word' id='word_1_25' title='bbox 895 520 951 591; x_wconf 86' lang='lat' dir='ltr'>nisi</span> 
     </span>
     <span class='ocr_line' id='line_1_5' title="bbox 54 605 950 702; baseline 0 -25"><span class='ocrx_word' id='word_1_26' title='bbox 54 610 139 702; x_wconf 77' lang='lat' dir='ltr'>priris</span> <span class='ocrx_word' id='word_1_27' title='bbox 178 608 354 677; x_wconf 74' lang='lat' dir='ltr'>dimidiata</span> <span class='ocrx_word' id='word_1_28' title='bbox 387 608 568 676; x_wconf 82' lang='lat' dir='ltr'>Praebendre</span> <span class='ocrx_word' id='word_1_29' title='bbox 593 605 679 695; x_wconf 85' lang='lat' dir='ltr'>juxta</span> <span class='ocrx_word' id='word_1_30' title='bbox 704 626 848 676; x_wconf 88' lang='lat' dir='ltr'>tenorem</span> <span class='ocrx_word' id='word_1_31' title='bbox 871 633 950 677; x_wconf 86' lang='lat' dir='ltr'>con-</span> 
     </span>
     <span class='ocr_line' id='line_1_6' title="bbox 56 693 951 790; baseline -0.001 -22"><span class='ocrx_word' id='word_1_32' title='bbox 56 693 203 768; x_wconf 72' lang='lat' dir='ltr'>cessionis</span> <span class='ocrx_word' id='word_1_33' title='bbox 240 697 450 790; x_wconf 73' lang='lat' dir='ltr'>redintegrata</span> <span class='ocrx_word' id='word_1_34' title='bbox 486 694 575 764; x_wconf 84' lang='lat' dir='ltr'>srnt:</span> <span class='ocrx_word' id='word_1_35' title='bbox 603 695 750 786; x_wconf 88' lang='lat' dir='ltr'>prohibet</span> <span class='ocrx_word' id='word_1_36' title='bbox 779 698 951 767; x_wconf 77' lang='lat' dir='ltr'>Canonicin</span> 
     </span>
     <span class='ocr_line' id='line_1_7' title="bbox 58 785 952 878; baseline -0.002 -22"><span class='ocrx_word' id='word_1_37' title='bbox 58 786 95 856; x_wconf 77' lang='grc' dir='ltr'>ιιὲ</span> <span class='ocrx_word' id='word_1_38' title='bbox 134 786 231 854; x_wconf 66' lang='lat' dir='ltr'>antea</span> <span class='ocrx_word' id='word_1_39' title='bbox 272 807 467 874; x_wconf 84' lang='lat' dir='ltr'>quemquam</span> <span class='ocrx_word' id='word_1_40' title='bbox 501 786 533 851; x_wconf 95' lang='lat' dir='ltr'>in</span> <span class='ocrx_word' id='word_1_41' title='bbox 573 785 776 854; x_wconf 89' lang='lat' dir='ltr'>Canonicum</span> <span class='ocrx_word' id='word_1_42' title='bbox 814 787 952 878; x_wconf 87' lang='lat' dir='ltr'>recipere</span> 
     </span>
     <span class='ocr_line' id='line_1_8' title="bbox 57 873 957 968; baseline 0.006 -26"><span class='ocrx_word' id='word_1_43' title='bbox 57 874 284 968; x_wconf 80' lang='lat' dir='ltr'>praesumant‚</span> <span class='ocrx_word' id='word_1_44' title='bbox 309 893 346 943; x_wconf 90' lang='lat' dir='ltr'>ut</span> <span class='ocrx_word' id='word_1_45' title='bbox 366 875 451 966; x_wconf 90' lang='lat' dir='ltr'>apud</span> <span class='ocrx_word' id='word_1_46' title='bbox 472 873 627 943; x_wconf 80' lang='lat' dir='ltr'>Miraaum</span> <span class='ocrx_word' id='word_1_47' title='bbox 648 877 740 968; x_wconf 84' lang='lat' dir='ltr'>Dipl.</span> <span class='ocrx_word' id='word_1_48' title='bbox 761 877 851 966; x_wconf 82' lang='lat' dir='ltr'><em>Belg.</em></span> <span class='ocrx_word' id='word_1_49' title='bbox 865 876 957 948; x_wconf 79' lang='lat' dir='ltr'>Tam·</span> 
     </span>
    </p>

    <p class='ocr_par' dir='ltr' id='par_1_3' title="bbox 60 971 331 1043">
     <span class='ocr_line' id='line_1_9' title="bbox 60 971 331 1043; baseline -0.015 -9"><span class='ocrx_word' id='word_1_50' title='bbox 60 971 105 1034; x_wconf 86' lang='lat' dir='ltr'>II.</span> <span class='ocrx_word' id='word_1_51' title='bbox 139 971 193 1032; x_wconf 84' lang='lat' dir='ltr'>Pa</span> <span class='ocrx_word' id='word_1_52' title='bbox 219 1013 228 1030; x_wconf 84' lang='lat'><strong>.</strong></span> <span class='ocrx_word' id='word_1_53' title='bbox 255 987 275 1043; x_wconf 87' lang='lat'>9</span> <span class='ocrx_word' id='word_1_54' title='bbox 300 977 331 1031; x_wconf 91' lang='lat'>6.</span> 
     </span>
    </p>

    <p class='ocr_par' dir='ltr' id='par_1_4' title="bbox 59 987 960 1587">
     <span class='ocr_line' id='line_1_10' title="bbox 105 987 957 1143; baseline -0.008 -23"><span class='ocrx_word' id='word_1_55' title='bbox 105 987 312 1120; x_wconf 70' lang='lat' dir='ltr'>Hocgetiair</span> <span class='ocrx_word' id='word_1_56' title='bbox 333 1070 476 1143; x_wconf 85' lang='lat' dir='ltr'>tempore</span> <span class='ocrx_word' id='word_1_57' title='bbox 498 1067 685 1120; x_wconf 88' lang='lat' dir='ltr'>communes</span> <span class='ocrx_word' id='word_1_58' title='bbox 709 1051 800 1121; x_wconf 85' lang='lat' dir='ltr'>fuisse</span> <span class='ocrx_word' id='word_1_59' title='bbox 821 1051 855 1119; x_wconf 91' lang='lat' dir='ltr'>in</span> <span class='ocrx_word' id='word_1_60' title='bbox 874 1049 957 1121; x_wconf 79' lang='lat' dir='ltr'>Gal.</span> 
     </span>
     <span class='ocr_line' id='line_1_11' title="bbox 59 1139 958 1231; baseline 0.002 -21"><span class='ocrx_word' id='word_1_61' title='bbox 59 1141 100 1210; x_wconf 84' lang='lat' dir='ltr'>lia</span> <span class='ocrx_word' id='word_1_62' title='bbox 131 1139 388 1210; x_wconf 84' lang='lat' dir='ltr'>Praebendarum</span> <span class='ocrx_word' id='word_1_63' title='bbox 417 1139 575 1209; x_wconf 72' lang='lat' dir='ltr'>sectiones</span> <span class='ocrx_word' id='word_1_64' title='bbox 612 1143 703 1210; x_wconf 86' lang='lat' dir='ltr'><strong>refert</strong></span> <span class='ocrx_word' id='word_1_65' title='bbox 727 1141 842 1231; x_wconf 70' lang='lat' dir='ltr'>Fleury</span> <span class='ocrx_word' id='word_1_66' title='bbox 871 1139 958 1230; x_wconf 72' lang='lat' dir='ltr'>ffist·</span> 
     </span>
     <span class='ocr_line' id='line_1_12' title="bbox 63 1226 959 1318; baseline -0.001 -19"><span class='ocrx_word' id='word_1_67' title='bbox 63 1233 155 1300; x_wconf 86' lang='lat' dir='ltr'>Eccl.</span> <span class='ocrx_word' id='word_1_68' title='bbox 180 1234 262 1297; x_wconf 77' lang='lat' dir='ltr'>Liv.</span> <span class='ocrx_word' id='word_1_69' title='bbox 285 1233 477 1297; x_wconf 82' lang='lat' dir='ltr'><em>LXXXIII.</em></span> <span class='ocrx_word' id='word_1_70' title='bbox 498 1233 549 1297; x_wconf 90' lang='lat' dir='ltr'>N.</span> <span class='ocrx_word' id='word_1_71' title='bbox 571 1250 626 1318; x_wconf 84' lang='lat'>43.</span> <span class='ocrx_word' id='word_1_72' title='bbox 651 1228 846 1318; x_wconf 77' lang='lat' dir='ltr'>abusumque</span> <span class='ocrx_word' id='word_1_73' title='bbox 867 1226 959 1298; x_wconf 77' lang='lat' dir='ltr'>fuisse</span> 
     </span>
     <span class='ocr_line' id='line_1_13' title="bbox 62 1316 960 1412; baseline 0 -26"><span class='ocrx_word' id='word_1_74' title='bbox 62 1337 217 1412; x_wconf 85' lang='lat' dir='ltr'>exparte</span> <span class='ocrx_word' id='word_1_75' title='bbox 237 1316 355 1409; x_wconf 89' lang='lat' dir='ltr'>Episco</span> <span class='ocrx_word' id='word_1_76' title='bbox 379 1339 473 1384; x_wconf 90' lang='lat' dir='ltr'>orum</span> <span class='ocrx_word' id='word_1_77' title='bbox 501 1357 512 1393; x_wconf 88' lang='lat'><em>‚</em></span> <span class='ocrx_word' id='word_1_78' title='bbox 535 1317 589 1404; x_wconf 91' lang='lat' dir='ltr'>qui</span> <span class='ocrx_word' id='word_1_79' title='bbox 615 1319 796 1408; x_wconf 79' lang='lat' dir='ltr'>praebendas</span> <span class='ocrx_word' id='word_1_80' title='bbox 816 1317 960 1386; x_wconf 85' lang='lat' dir='ltr'>secabant</span> 
     </span>
     <span class='ocr_line' id='line_1_14' title="bbox 65 1405 960 1498; baseline 0.001 -24"><span class='ocrx_word' id='word_1_81' title='bbox 65 1407 105 1476; x_wconf 85' lang='lat' dir='ltr'>ad</span> <span class='ocrx_word' id='word_1_82' title='bbox 148 1423 342 1498; x_wconf 75' lang='lat' dir='ltr'>augmentari</span> <span class='ocrx_word' id='word_1_83' title='bbox 366 1428 421 1474; x_wconf 91' lang='lat' dir='ltr'>um</span> <span class='ocrx_word' id='word_1_84' title='bbox 460 1405 700 1472; x_wconf 86' lang='lat' dir='ltr'>Canonicorum</span> <span class='ocrx_word' id='word_1_85' title='bbox 739 1429 916 1475; x_wconf 83' lang='lat' dir='ltr'>numerum</span> <span class='ocrx_word' id='word_1_86' title='bbox 944 1445 960 1485; x_wconf 80' lang='lat'><strong>,</strong></span> 
     </span>
     <span class='ocr_line' id='line_1_15' title="bbox 64 1490 889 1587; baseline 0.001 -24"><span class='ocrx_word' id='word_1_87' title='bbox 64 1495 259 1564; x_wconf 84' lang='lat' dir='ltr'>reservantes</span> <span class='ocrx_word' id='word_1_88' title='bbox 285 1490 338 1561; x_wconf 86' lang='lat' dir='ltr'>sibi</span> <span class='ocrx_word' id='word_1_89' title='bbox 360 1495 472 1587; x_wconf 80' lang='lat' dir='ltr'>primae</span> <span class='ocrx_word' id='word_1_90' title='bbox 494 1493 631 1562; x_wconf 72' lang='lat' dir='ltr'>uacantis</span> <span class='ocrx_word' id='word_1_91' title='bbox 655 1493 889 1566; x_wconf 87' lang='lat' dir='ltr'>institutionem.</span> 
     </span>
    </p>

    <p class='ocr_par' dir='ltr' id='par_1_5' title="bbox 67 1582 1151 2028">
     <span class='ocr_line' id='line_1_16' title="bbox 106 1582 1149 1740; baseline 0.002 -88"><span class='ocrx_word' id='word_1_92' title='bbox 106 1583 196 1652; x_wconf 84' lang='lat' dir='ltr'>Inter</span> <span class='ocrx_word' id='word_1_93' title='bbox 234 1583 450 1662; x_wconf 78' lang='lat' dir='ltr'>canonicor,</span> <span class='ocrx_word' id='word_1_94' title='bbox 481 1583 536 1670; x_wconf 90' lang='lat' dir='ltr'>qui</span> <span class='ocrx_word' id='word_1_95' title='bbox 567 1583 753 1674; x_wconf 66' lang='lat' dir='ltr'>predictam</span> <span class='ocrx_word' id='word_1_96' title='bbox 771 1582 959 1740; x_wconf 79' lang='lat' dir='ltr'>praebenda·</span> <span class='ocrx_word' id='word_1_97' title='bbox 1006 1613 1149 1674; x_wconf 58' lang='lat' dir='ltr'>mnam,</span> 
     </span>
     <span class='ocr_line' id='line_1_17' title="bbox 67 1667 1151 1765; baseline 0 -23"><span class='ocrx_word' id='word_1_98' title='bbox 67 1695 141 1742; x_wconf 84' lang='lat' dir='ltr'>tum</span> <span class='ocrx_word' id='word_1_99' title='bbox 163 1668 361 1740; x_wconf 85' lang='lat' dir='ltr'>divisionem</span> <span class='ocrx_word' id='word_1_100' title='bbox 379 1672 411 1737; x_wconf 88' lang='lat' dir='ltr'>in</span> <span class='ocrx_word' id='word_1_101' title='bbox 430 1667 556 1738; x_wconf 84' lang='lat' dir='ltr'>ecclesia</span> <span class='ocrx_word' id='word_1_102' title='bbox 576 1672 793 1765; x_wconf 87' lang='lat' dir='ltr'>Antverpienr</span> <span class='ocrx_word' id='word_1_103' title='bbox 812 1673 959 1744; x_wconf 62' lang='lat' dir='ltr'>docrevei</span> <span class='ocrx_word' id='word_1_104' title='bbox 975 1682 1151 1751; x_wconf 58' lang='lat' dir='ltr'>cameracen.</span> 
     </span>
     <span class='ocr_line' id='line_1_18' title="bbox 69 1743 1148 1855; baseline -0.001 -25"><span class='ocrx_word' id='word_1_105' title='bbox 69 1781 160 1841; x_wconf 85' lang='lat' dir='ltr'>rant,</span> <span class='ocrx_word' id='word_1_106' title='bbox 191 1778 262 1829; x_wconf 88' lang='lat' dir='ltr'>erat</span> <span class='ocrx_word' id='word_1_107' title='bbox 289 1761 469 1827; x_wconf 82' lang='lat' dir='ltr'>Willelmus</span> <span class='ocrx_word' id='word_1_108' title='bbox 490 1759 626 1826; x_wconf 76' lang='lat' dir='ltr'>Cornelii</span> <span class='ocrx_word' id='word_1_109' title='bbox 652 1783 662 1828; x_wconf 72' lang='grc' dir='ltr'><strong>ε</strong></span> <span class='ocrx_word' id='word_1_110' title='bbox 688 1760 810 1830; x_wconf 79' lang='lat' dir='ltr'>constat</span> <span class='ocrx_word' id='word_1_111' title='bbox 830 1761 894 1832; x_wconf 91' lang='lat' dir='ltr'>hoc</span> <span class='ocrx_word' id='word_1_112' title='bbox 919 1786 959 1848; x_wconf 75' lang='lat' dir='ltr'>err</span> <span class='ocrx_word' id='word_1_113' title='bbox 977 1748 1051 1855; x_wconf 50' lang='lat' dir='ltr'>22ss</span> <span class='ocrx_word' id='word_1_114' title='bbox 1075 1743 1148 1796; x_wconf 58' lang='lat'><strong>¹¹⁸¹*</strong></span> 
     </span>
     <span class='ocr_line' id='line_1_19' title="bbox 68 1845 1108 1940; baseline 0.002 -23"><span class='ocrx_word' id='word_1_115' title='bbox 68 1849 173 1919; x_wconf 89' lang='lat' dir='ltr'>litteris</span> <span class='ocrx_word' id='word_1_116' title='bbox 213 1845 397 1917; x_wconf 87' lang='lat' dir='ltr'>authenticis</span> <span class='ocrx_word' id='word_1_117' title='bbox 428 1845 506 1915; x_wconf 85' lang='lat' dir='ltr'>datis</span> <span class='ocrx_word' id='word_1_118' title='bbox 542 1869 627 1914; x_wconf 89' lang='lat' dir='ltr'>anno</span> <span class='ocrx_word' id='word_1_119' title='bbox 667 1869 705 1916; x_wconf 86' lang='lat'>12</span> <span class='ocrx_word' id='word_1_120' title='bbox 726 1874 759 1932; x_wconf 92' lang='lat'>9.</span> <span class='ocrx_word' id='word_1_121' title='bbox 790 1848 823 1916; x_wconf 87' lang='lat' dir='ltr'>in</span> <span class='ocrx_word' id='word_1_122' title='bbox 845 1851 958 1940; x_wconf 80' lang='lat' dir='ltr'>quibus</span> <span class='ocrx_word' id='word_1_123' title='bbox 1048 1859 1051 1864; x_wconf 85' lang='lat'>&#39;</span> <span class='ocrx_word' id='word_1_124' title='bbox 1098 1921 1108 1924; x_wconf 77' lang='grc'><strong>,</strong></span> 
     </span>
     <span class='ocr_line' id='line_1_20' title="bbox 71 1872 963 2028; baseline 0.004 -23"><span class='ocrx_word' id='word_1_125' title='bbox 71 1960 192 2007; x_wconf 86' lang='lat' dir='ltr'>nornen</span> <span class='ocrx_word' id='word_1_126' title='bbox 232 1936 297 2025; x_wconf 84' lang='lat' dir='ltr'>ejus</span> <span class='ocrx_word' id='word_1_127' title='bbox 327 1954 491 2023; x_wconf 84' lang='lat' dir='ltr'>tamquam</span> <span class='ocrx_word' id='word_1_128' title='bbox 529 1933 610 2002; x_wconf 83' lang='lat' dir='ltr'>testis</span> <span class='ocrx_word' id='word_1_129' title='bbox 642 1872 849 2028; x_wconf 82' lang='lat' dir='ltr'>subscriptum</span> <span class='ocrx_word' id='word_1_130' title='bbox 883 1939 963 2010; x_wconf 84' lang='lat' dir='ltr'>vidi.</span> 
     </span>
    </p>

    <p class='ocr_par' dir='ltr' id='par_1_6' title="bbox 72 2024 1063 2204">
     <span class='ocr_line' id='line_1_21' title="bbox 72 2024 963 2114; baseline 0.001 -20"><span class='ocrx_word' id='word_1_131' title='bbox 72 2027 136 2096; x_wconf 89' lang='lat' dir='ltr'>Hic</span> <span class='ocrx_word' id='word_1_132' title='bbox 154 2042 268 2095; x_wconf 90' lang='lat' dir='ltr'>autern</span> <span class='ocrx_word' id='word_1_133' title='bbox 298 2025 479 2093; x_wconf 80' lang='lat' dir='ltr'>Willesmus</span> <span class='ocrx_word' id='word_1_134' title='bbox 504 2024 695 2114; x_wconf 82' lang='lat' dir='ltr'>paupertatis</span> <span class='ocrx_word' id='word_1_135' title='bbox 712 2025 862 2094; x_wconf 85' lang='lat' dir='ltr'>meritum</span> <span class='ocrx_word' id='word_1_136' title='bbox 882 2026 963 2096; x_wconf 66' lang='lat' dir='ltr'>ultra</span> 
     </span>
     <span class='ocr_line' id='line_1_22' title="bbox 73 2111 1063 2204; baseline 0.004 -22"><span class='ocrx_word' id='word_1_137' title='bbox 73 2133 172 2184; x_wconf 87' lang='lat' dir='ltr'>metas</span> <span class='ocrx_word' id='word_1_138' title='bbox 204 2111 348 2191; x_wconf 88' lang='lat' dir='ltr'>tollens,</span> <span class='ocrx_word' id='word_1_139' title='bbox 381 2111 492 2180; x_wconf 87' lang='lat' dir='ltr'>onmia</span> <span class='ocrx_word' id='word_1_140' title='bbox 528 2124 654 2204; x_wconf 86' lang='lat' dir='ltr'>peccata</span> <span class='ocrx_word' id='word_1_141' title='bbox 674 2133 732 2204; x_wconf 89' lang='lat' dir='ltr'>per</span> <span class='ocrx_word' id='word_1_142' title='bbox 753 2135 824 2180; x_wconf 86' lang='lat' dir='ltr'>eam</span> <span class='ocrx_word' id='word_1_143' title='bbox 849 2113 968 2184; x_wconf 83' lang='lat' dir='ltr'>dimitti</span> <span class='ocrx_word' id='word_1_144' title='bbox 1061 2179 1063 2186; x_wconf 87' lang='grc'><em>,</em></span> 
     </span>
    </p>
   </div>
   <div class='ocr_carea' id='block_1_2' title="bbox 75 2199 963 2446">
    <p class='ocr_par' dir='ltr' id='par_1_7' title="bbox 75 2199 963 2446">
     <span class='ocr_line' id='line_1_23' title="bbox 75 2199 963 2281; baseline -0.003 -9"><span class='ocrx_word' id='word_1_145' title='bbox 75 2203 221 2273; x_wconf 87' lang='lat' dir='ltr'>censebat</span> <span class='ocrx_word' id='word_1_146' title='bbox 258 2207 291 2270; x_wconf 88' lang='lat'>&amp;</span> <span class='ocrx_word' id='word_1_147' title='bbox 322 2202 491 2281; x_wconf 81' lang='lat' dir='ltr'>docebat3</span> <span class='ocrx_word' id='word_1_148' title='bbox 515 2199 681 2270; x_wconf 89' lang='lat' dir='ltr'>meliorem</span> <span class='ocrx_word' id='word_1_149' title='bbox 712 2225 746 2270; x_wconf 87' lang='lat' dir='ltr'>re</span> <span class='ocrx_word' id='word_1_150' title='bbox 770 2204 874 2273; x_wconf 86' lang='lat' dir='ltr'>utabat</span> <span class='ocrx_word' id='word_1_151' title='bbox 895 2226 963 2270; x_wconf 76' lang='lat' dir='ltr'>me‹</span> 
     </span>
     <span class='ocr_line' id='line_1_24' title="bbox 77 2224 768 2446; baseline 0.001 -87"><span class='ocrx_word' id='word_1_152' title='bbox 77 2293 223 2360; x_wconf 78' lang='lat' dir='ltr'>ratricem</span> <span class='ocrx_word' id='word_1_153' title='bbox 241 2312 416 2446; x_wconf 75' lang='lat' dir='ltr'>pauperem</span> <span class='ocrx_word' id='word_1_154' title='bbox 437 2333 450 2372; x_wconf 88' lang='lat'>‚</span> <span class='ocrx_word' id='word_1_155' title='bbox 470 2289 569 2446; x_wconf 61' lang='lat' dir='ltr'>prim</span> <span class='ocrx_word' id='word_1_156' title='bbox 595 2287 711 2360; x_wconf 77' lang='lat' dir='ltr'>castam</span> <span class='ocrx_word' id='word_1_157' title='bbox 728 2224 768 2360; x_wconf 78' lang='lat' dir='ltr'>aii</span> 
     </span>
    </p>
   </div>
   <div class='ocr_carea' id='block_1_3' title="bbox 78 2287 1087 3712">
    <p class='ocr_par' dir='ltr' id='par_1_8' title="bbox 78 2287 1087 3712">
     <span class='ocr_line' id='line_1_25' title="bbox 790 2287 964 2361; baseline 0 -1"><span class='ocrx_word' id='word_1_158' title='bbox 790 2292 845 2361; x_wconf 75' lang='lat' dir='ltr'>[lid</span> <span class='ocrx_word' id='word_1_159' title='bbox 889 2287 964 2360; x_wconf 71' lang='lat' dir='ltr'>Offi-</span> 
     </span>
     <span class='ocr_line' id='line_1_26' title="bbox 78 2315 966 2470; baseline 0 -22"><span class='ocrx_word' id='word_1_160' title='bbox 78 2381 231 2457; x_wconf 87' lang='lat' dir='ltr'>dentem,</span> <span class='ocrx_word' id='word_1_161' title='bbox 253 2401 297 2447; x_wconf 91' lang='lat' dir='ltr'>un</span> <span class='ocrx_word' id='word_1_162' title='bbox 320 2404 337 2444; x_wconf 89' lang='lat' dir='ltr'>e</span> <span class='ocrx_word' id='word_1_163' title='bbox 355 2379 469 2448; x_wconf 91' lang='lat' dir='ltr'>conclu</span> <span class='ocrx_word' id='word_1_164' title='bbox 493 2382 563 2447; x_wconf 87' lang='lat' dir='ltr'>ebat</span> <span class='ocrx_word' id='word_1_165' title='bbox 579 2401 691 2447; x_wconf 79' lang='lat' dir='ltr'>omnes</span> <span class='ocrx_word' id='word_1_166' title='bbox 710 2315 887 2470; x_wconf 63' lang='lat' dir='ltr'>Religioni</span> <span class='ocrx_word' id='word_1_167' title='bbox 904 2373 966 2449; x_wconf 70' lang='lat' dir='ltr'>ess&#39;e</span> 
     </span>
     <span class='ocr_line' id='line_1_27' title="bbox 78 2466 969 2562; baseline 0.003 -26"><span class='ocrx_word' id='word_1_168' title='bbox 78 2468 261 2536; x_wconf 86' lang='lat' dir='ltr'>damnatos.</span> <span class='ocrx_word' id='word_1_169' title='bbox 306 2466 353 2534; x_wconf 93' lang='lat' dir='ltr'>Ut</span> <span class='ocrx_word' id='word_1_170' title='bbox 374 2485 481 2534; x_wconf 89' lang='lat' dir='ltr'>autem</span> <span class='ocrx_word' id='word_1_171' title='bbox 499 2489 620 2559; x_wconf 86' lang='lat' dir='ltr'>pauper</span> <span class='ocrx_word' id='word_1_172' title='bbox 641 2468 751 2537; x_wconf 80' lang='lat' dir='ltr'>vivam</span> <span class='ocrx_word' id='word_1_173' title='bbox 775 2471 969 2562; x_wconf 78' lang='lat' dir='ltr'>paupertatis</span> 
     </span>
     <span class='ocr_line' id='line_1_28' title="bbox 80 2554 971 2643; baseline 0.007 -21"><span class='ocrx_word' id='word_1_174' title='bbox 80 2555 146 2625; x_wconf 87' lang='lat' dir='ltr'>hoc</span> <span class='ocrx_word' id='word_1_175' title='bbox 167 2554 321 2624; x_wconf 87' lang='lat' dir='ltr'>metitum</span> <span class='ocrx_word' id='word_1_176' title='bbox 337 2554 572 2643; x_wconf 83' lang='lat' dir='ltr'>consequeremr</span> <span class='ocrx_word' id='word_1_177' title='bbox 592 2557 825 2626; x_wconf 83' lang='lat' dir='ltr'>canonicatum</span> <span class='ocrx_word' id='word_1_178' title='bbox 844 2556 971 2628; x_wconf 83' lang='lat' dir='ltr'>dimifit.</span> 
     </span>
     <span class='ocr_line' id='line_1_29' title="bbox 78 2641 973 2740; baseline 0.004 -28"><span class='ocrx_word' id='word_1_179' title='bbox 78 2643 207 2714; x_wconf 84' lang='lat' dir='ltr'>Interim</span> <span class='ocrx_word' id='word_1_180' title='bbox 239 2641 973 2740; x_wconf 68' lang='lat' dir='ltr'>ostobimmerlelmushonorificcsepultusest</span> 
     </span>
     <span class='ocr_line' id='line_1_30' title="bbox 82 2665 969 2807; baseline 0.003 -7"><span class='ocrx_word' id='word_1_181' title='bbox 82 2733 114 2800; x_wconf 92' lang='lat' dir='ltr'>in</span> <span class='ocrx_word' id='word_1_182' title='bbox 127 2665 255 2803; x_wconf 81' lang='lat' dir='ltr'>eccleiia</span> <span class='ocrx_word' id='word_1_183' title='bbox 271 2733 309 2800; x_wconf 90' lang='lat' dir='ltr'>B.</span> <span class='ocrx_word' id='word_1_184' title='bbox 319 2733 432 2802; x_wconf 81' lang='lat' dir='ltr'>Mariae</span> <span class='ocrx_word' id='word_1_185' title='bbox 445 2732 517 2803; x_wconf 88' lang='lat' dir='ltr'>:sed</span> <span class='ocrx_word' id='word_1_186' title='bbox 527 2736 710 2807; x_wconf 79' lang='lat' dir='ltr'>Nrcoraus</span> <span class='ocrx_word' id='word_1_187' title='bbox 729 2737 767 2805; x_wconf 92' lang='lat' dir='ltr'>de</span> <span class='ocrx_word' id='word_1_188' title='bbox 780 2730 969 2804; x_wconf 76' lang='lat' dir='ltr'>Fo&#39;uraurr</span> 
     </span>
     <span class='ocr_line' id='line_1_31' title="bbox 85 2820 973 2914; baseline 0.002 -26"><span class='ocrx_word' id='word_1_189' title='bbox 85 2821 172 2914; x_wconf 84' lang='lat' dir='ltr'>Epis.</span> <span class='ocrx_word' id='word_1_190' title='bbox 184 2820 416 2889; x_wconf 76' lang='lat' dir='ltr'>Cameracensis</span> <span class='ocrx_word' id='word_1_191' title='bbox 424 2822 474 2887; x_wconf 89' lang='lat' dir='ltr'>vir</span> <span class='ocrx_word' id='word_1_192' title='bbox 482 2821 636 2890; x_wconf 70' lang='lat' dir='ltr'>dostus&amp;</span> <span class='ocrx_word' id='word_1_193' title='bbox 645 2823 899 2890; x_wconf 84' lang='lat' dir='ltr'>oemulatorsanae</span> <span class='ocrx_word' id='word_1_194' title='bbox 906 2825 973 2890; x_wconf 80' lang='lat' dir='ltr'>Re·</span> 
     </span>
     <span class='ocr_line' id='line_1_32' title="bbox 84 2907 972 3004; baseline 0.001 -29"><span class='ocrx_word' id='word_1_195' title='bbox 84 2907 245 3004; x_wconf 84' lang='lat' dir='ltr'>ligionis,</span> <span class='ocrx_word' id='word_1_196' title='bbox 279 2907 458 2976; x_wconf 83' lang='lat' dir='ltr'>examinatis</span> <span class='ocrx_word' id='word_1_197' title='bbox 482 2913 515 2975; x_wconf 93' lang='lat'>&amp;</span> <span class='ocrx_word' id='word_1_198' title='bbox 539 2909 680 3000; x_wconf 89' lang='lat' dir='ltr'>probatis</span> <span class='ocrx_word' id='word_1_199' title='bbox 703 2909 767 2996; x_wconf 85' lang='lat' dir='ltr'>ejus</span> <span class='ocrx_word' id='word_1_200' title='bbox 791 2910 972 2987; x_wconf 86' lang='lat' dir='ltr'>erroribus,</span> 
     </span>
     <span class='ocr_line' id='line_1_33' title="bbox 86 2994 977 3154; baseline -0.003 -88"><span class='ocrx_word' id='word_1_201' title='bbox 86 2997 118 3102; x_wconf 79' lang='lat' dir='ltr'>in</span> <span class='ocrx_word' id='word_1_202' title='bbox 155 3018 288 3152; x_wconf 53' lang='lat' dir='ltr'><strong>poemff</strong></span> <span class='ocrx_word' id='word_1_203' title='bbox 319 2994 495 3088; x_wconf 75' lang='lat' dir='ltr'>pertinacia</span> <span class='ocrx_word' id='word_1_204' title='bbox 529 3001 563 3062; x_wconf 89' lang='lat'>&amp;</span> <span class='ocrx_word' id='word_1_205' title='bbox 601 2994 639 3062; x_wconf 66' lang='lat' dir='ltr'>ne</span> <span class='ocrx_word' id='word_1_206' title='bbox 654 2994 817 3094; x_wconf 55' lang='lat' dir='ltr'>spiratores</span> <span class='ocrx_word' id='word_1_207' title='bbox 838 2996 870 3062; x_wconf 92' lang='lat' dir='ltr'>in</span> <span class='ocrx_word' id='word_1_208' title='bbox 890 3011 977 3154; x_wconf 43' lang='lat' dir='ltr'>erna-</span> 
     </span>
     <span class='ocr_line' id='line_1_34' title="bbox 88 3087 976 3267; baseline -0.002 -23"><span class='ocrx_word' id='word_1_209' title='bbox 88 3087 637 3267; x_wconf 47' lang='lat' dir='ltr'>amputaturus,</span> <span class='ocrx_word' id='word_1_210' title='bbox 651 3103 976 3264; x_wconf 62' lang='lat' dir='ltr'>iiiassi‘sssiussa</span> 
     </span>
     <span class='ocr_line' id='line_1_35' title="bbox 91 3260 973 3334; baseline -0.001 -3"><span class='ocrx_word' id='word_1_211' title='bbox 91 3263 296 3334; x_wconf 90' lang='lat' dir='ltr'>combustum</span> <span class='ocrx_word' id='word_1_212' title='bbox 314 3262 367 3332; x_wconf 85' lang='lat' dir='ltr'>e&#39;st.</span> <span class='ocrx_word' id='word_1_213' title='bbox 401 3260 555 3332; x_wconf 87' lang='lat' dir='ltr'>Constant</span> <span class='ocrx_word' id='word_1_214' title='bbox 576 3261 645 3332; x_wconf 86' lang='lat' dir='ltr'>haec</span> <span class='ocrx_word' id='word_1_215' title='bbox 668 3287 707 3332; x_wconf 85' lang='lat' dir='ltr'>ex</span> <span class='ocrx_word' id='word_1_216' title='bbox 724 3265 872 3332; x_wconf 84' lang='lat' dir='ltr'>relatione</span> <span class='ocrx_word' id='word_1_217' title='bbox 891 3261 973 3330; x_wconf 69' lang='lat' dir='ltr'>sho-</span> 
     </span>
     <span class='ocr_line' id='line_1_36' title="bbox 92 3346 974 3506; baseline -0.002 -86"><span class='ocrx_word' id='word_1_218' title='bbox 92 3367 144 3420; x_wconf 76' lang='lat' dir='ltr'>ma</span> <span class='ocrx_word' id='word_1_219' title='bbox 187 3357 401 3446; x_wconf 82' lang='lat' dir='ltr'>Camipratani</span> <span class='ocrx_word' id='word_1_220' title='bbox 436 3346 974 3506; x_wconf 55' lang='lat' dir='ltr'>5⁰¹¹1⁶¹3³P⁰ft¹¹e³s⁸&lt;ss⁰ffi²8ff⁶⁵</span> 
     </span>
     <span class='ocr_line' id='line_1_37' title="bbox 92 3437 1087 3627; baseline 0.001 -32"><span class='ocrx_word' id='word_1_221' title='bbox 92 3437 380 3627; x_wconf 48' lang='lat' dir='ltr'>situatam,</span> <span class='ocrx_word' id='word_1_222' title='bbox 395 3439 887 3627; x_wconf 50' lang='lat' dir='ltr'>‘star&#39;tudeasaztrstst</span> <span class='ocrx_word' id='word_1_223' title='bbox 900 3438 975 3596; x_wconf 60' lang='lat' dir='ltr'>aii</span> <span class='ocrx_word' id='word_1_224' title='bbox 1084 3497 1087 3502; x_wconf 82' lang='grc'><strong>’</strong></span> 
     </span>
     <span class='ocr_line' id='line_1_38' title="bbox 97 3611 975 3712; baseline 0 -28"><span class='ocrx_word' id='word_1_225' title='bbox 97 3639 195 3711; x_wconf 70' lang='lat' dir='ltr'>lungo</span> <span class='ocrx_word' id='word_1_226' title='bbox 233 3641 270 3685; x_wconf 84' lang='lat' dir='ltr'>ex</span> <span class='ocrx_word' id='word_1_227' title='bbox 304 3615 473 3710; x_wconf 86' lang='lat' dir='ltr'>Opnsculo</span> <span class='ocrx_word' id='word_1_228' title='bbox 502 3641 566 3710; x_wconf 67' lang='lat' dir='ltr'>erus</span> <span class='ocrx_word' id='word_1_229' title='bbox 597 3621 650 3687; x_wconf 84' lang='lat' dir='ltr'>De</span> <span class='ocrx_word' id='word_1_230' title='bbox 671 3611 797 3712; x_wconf 77' lang='lat' dir='ltr'>Apibus</span> <span class='ocrx_word' id='word_1_231' title='bbox 831 3613 975 3706; x_wconf 68' lang='lat' dir='ltr'>marl.</span> 
     </span>
    </p>
   </div>
   <div class='ocr_carea' id='block_1_4' title="bbox 99 3706 978 3800">
    <p class='ocr_par' dir='ltr' id='par_1_9' title="bbox 99 3706 978 3800">
     <span class='ocr_line' id='line_1_39' title="bbox 99 3706 978 3800; baseline -0.009 0"><span class='ocrx_word' id='word_1_232' title='bbox 99 3709 394 3800; x_wconf 58' lang='lat' dir='ltr'>Quffia</span> <span class='ocrx_word' id='word_1_233' title='bbox 853 3706 978 3792; x_wconf 60' lang='lat' dir='ltr'>„Q</span> 
     </span>
    </p>
   </div>
   <div class='ocr_carea' id='block_1_5' title="bbox 0 0 1333 4386">
    <p class='ocr_par' dir='ltr' id='par_1_10' title="bbox 0 0 1333 4386">
     <span class='ocr_line' id='line_1_40' title="bbox 0 0 1333 4386; baseline 0 0"><span class='ocrx_word' id='word_1_234' title='bbox 0 0 1333 4386; x_wconf 95' lang='lat' dir='ltr'> </span> 
     </span>
    </p>
   </div>
  </div>
 </body>
</html>
