2618 4396
136 283 138 287 -
317 241 554 324 cantato
587 263 853 314 caesennae
965 262 1027 334 325

138 335 243 414 „De
286 336 657 402 WINENGHEEM
695 333 844 401 Decanus
891 331 1028 403 Ecclesia
1097 321 1195 396 Anno

138 419 447 514 „Antwetpiensts,
480 444 617 514 compos
652 420 760 492 adhuc
790 427 823 490 &
845 419 918 490 sane
939 445 1030 491 men·
1102 433 1197 496 129¹·

137 513 213 592 „tis
249 534 359 591 mee,
396 511 438 580 ad
469 509 590 581 cultum
627 512 726 579 divini
757 506 854 578 officii
876 532 1029 602 auffnen-
1079 519 1082 536 ¹
1277 523 1279 530 '

138 599 304 681 „tandum
327 642 340 680 ‚
362 605 394 668 δι
419 602 464 669 ob
486 599 664 669 remedium
691 600 796 668 anime
822 621 893 667 mee
917 605 950 668 δι
969 621 1028 692 pa-

138 709 303 771 „rentum
323 711 496 767 meorum,
519 688 627 758 condo
653 696 687 757 &
709 687 811 757 fundo
833 683 1028 760 Beneficium

138 779 209 859 „in
244 777 393 848 Claustro
411 779 514 846 lancie
535 780 714 871 Margarete
739 777 937 846 Monialium
963 775 1030 846 or·

140 867 253 946 „dinis
279 867 377 936 sanni
399 868 534 936 Vistoris
559 867 646 957 juxta
670 867 889 957 Antwerpiam
911 875 1030 958 ‚'per·

139 956 272 1048 „petuo
298 979 354 1069 pet
379 955 580 1027 Sacerdotem
589 957 755 1046 ydoneum
766 952 1030 1034 deserviendum,
1092 1005 1093 1010 η

139 1046 351 1126 „secundum
375 1045 608 1114 ordinationem
628 1045 648 1114 i
673 1069 725 1119 me
744 1045 952 1123 faciendam,
988 1043 1028 1113 de

141 1137 271 1214 „bonis
293 1137 369 1204 meis
389 1137 500 1228 emptis
521 1135 667 1204 &modo
681 1136 820 1224 quolibet
841 1131 1018 1224 acqnifitis,

60 1247 65 1264 ¹
141 1231 212 1304 „&
228 1221 353 1290 inferitis
376 1225 540 1292 annotatis.

188 1310 260 1390 „In
284 1313 392 1403 primis
417 1313 549 1380 confero
568 1319 601 1379 δε
619 1308 738 1402 affigno
759 1311 800 1379 ad
824 1311 949 1380 di&um
974 1312 1032 1379 be-

143 1395 328 1480 „neficium
356 1401 440 1468 bona
474 1423 547 1469 mea
582 1401 613 1468 in
648 1401 833 1492 Weselea..
856 1399 895 1468 de
918 1401 1032 1488 quibus

142 1531 168 1569 „
177 1489 323 1559 solvunt.
337 1537 365 1557 ..
395 1510 531 1578 quatuor
552 1489 698 1558 sextarios
720 1485 843 1582 siliginis
867 1492 1032 1560 annuatim

143 1579 218 1658 „de
249 1577 364 1657 terri,
398 1601 459 1668 que
488 1600 625 1648 vocatur
652 1574 820 1650 latsbeemt
841 1577 909 1667 jure
944 1577 1034 1648 here-

143 1668 308 1748 „ditario
342 1665 485 1734 Item...
519 1668 557 1733 de
585 1665 700 1743 terti,
737 1691 799 1754 que
822 1669 880 1735 fint
901 1667 1034 1735 Henrici

147 1755 346 1837 „vrude.,.
381 1755 505 1859 triginta
549 1752 615 1824 Sol.
653 1754 742 1824 [ον.
774 1759 823 1821 8ι“
842 1752 894 1822 sex
929 1754 1037 1844 pullos

145 1844 251 1936 „jure
274 1843 471 1913 hereditario.

191 1933 369 2014 ‚,Item.s..
402 1933 434 2000 vi
458 1932 511 2000 inti
545 1929 613 2001 Sol.
628 1937 662 2000 &
686 1950 825 2019 quatuor
850 1927 956 2024 pullos
979 1939 1038 1997 an·¹

146 2026 302 2105 „nuatim
339 2021 406 2112 jure
435 1955 623 2092 lereditatio
643 2019 682 2090 de
702 2016 784 2091 terri
808 2061 821 2100 ,
854 2041 914 2109 que
937 2039 1039 2089 voce-

147 2131 233 2193 „tnr
259 2107 527 2193 Duneltensbrake.

164 2237 167 2242 ν
192 2200 304 2280 „Item
337 2201 403 2270 duo
428 2221 516 2295 prata
539 2199 729 2269 continentia
748 2199 816 2268 duo
832 2195 987 2268 bunaria.
1002 2219 1041 2265 ..·

147 2290 497 2371 „valentia-annuatim
521 2291 603 2359 circa
623 2290 736 2380 viginti
757 2288 842 2358 duos
863 2287 981 2359 solidos
1006 2293 1041 2358 &

149 2378 267 2460 „duos
297 2379 401 2470 pullos
415 2426 445 2446 ..
459 2425 469 2446 .

197 2508 222 2546 „
231 2465 310 2534 Item
347 2460 466 2556 alligno
500 2465 542 2534 ad
577 2463 701 2550 dictum
736 2460 927 2534 beneficium
951 2465 1040 2534 bona

150 2597 176 2637 ,‚
185 2577 256 2624 mea
294 2555 326 2623 in
356 2553 581 2644 Winengheem
594 2605 604 2624 .
617 2604 649 2624 ..
672 2553 819 2622 mansum
843 2553 956 2625 scilicet
978 2553 1043 2622 sol-

151 2663 314 2726 „ventem
340 2645 451 2716 decem
476 2645 540 2718 Sol.
568 2650 601 2713 &
627 2646 710 2714 duos
735 2643 842 2736 pullos
860 2645 1047 2713 communi·

151 2776 176 2813 η
188 2754 234 2802 ter
258 2736 406 2806 currentis
434 2733 606 2804 annuatim.
629 2736 671 2801 Et
692 2734 770 2800 duas
786 2735 883 2824 petias
897 2735 976 2824 prati
990 2783 1000 2802 .
1013 2779 1046 2804 ..

152 2845 253 2908 „que
284 2824 367 2915 petie
400 2824 560 2910 continent
586 2821 754 2889 dimidium
771 2820 944 2889 bunarium
966 2822 1046 2890 boni

154 2950 180 2990 ‚,
215 2910 273 2980 rati
308 2916 342 2978 δι
379 2907 496 2987 ultra,
529 2913 562 2976 δε
584 2926 727 2976 tenentur
750 2907 807 2980 ista
826 2908 865 2977 de
885 2910 984 2977 Curia
1006 2910 1048 2979 de

153 2932 306 3080 „lmine
331 3021 394 3091 pro
417 2997 545 3067 duobus
568 2996 700 3067 denariis
721 3004 754 3066 &
775 2998 877 3068 obolo
899 2999 968 3090 jure
990 2997 1052 3068 he-

152 3129 178 3172 „
191 3088 348 3160 redlfflloo
560 3105 562 3114 Ι
1000 3137 1005 3142 ·

198 3178 315 3260 „Item
342 3178 392 3248 ‘de
434 3175 550 3248 eisdem
583 3177 745 3250 bonis...
776 3175 830 3249 alli
853 3203 897 3248 no
930 3179 1050 3274 petiam

153 3292 288 3348 „unam
311 3289 390 3339 terre
410 3266 536 3358 jacentis
551 3266 634 3336 retro
655 3269 802 3353 mansum
871 3267 978 3336 illelmi
1010 3267 1051 3338 de

156 3358 271 3437 „Fine
308 3355 413 3426 versio
434 3357 675 3430 meridionalem
701 3377 825 3452 partem
844 3356 931 3447 juxti
950 3356 1053 3426 viam.

158 3444 274 3526 „Item
305 3446 398 3514 aliam
436 3447 555 3536 petiam
577 3465 656 3516 terre
681 3449 835 3538 jacentem
855 3445 935 3514 ulan
959 3447 1050 3514 viam

158 3533 299 3614 „versis
320 3537 473 3604 orientem
495 3579 507 3615 ,
540 3535 714 3607 solventem
736 3537 854 3630 septem
877 3536 938 3604 deti
965 3558 1053 3628 pres·

160 3627 310 3718 „bytero
342 3623 381 3696 de
405 3625 631 3791 Wimnghegtgz
651 3628 721 3717 jure
743 3625 939 3700 hereditario.
972 3710 987 3780 I

638 3739 659 3810 3
933 3753 961 3796 n
987 3731 1054 3784 lm·
