2576 4386
310 327 857 402 Cnursro'cursernu
955 325 1021 412 '185

184 417 420 488 fundationem
455 441 552 488 novae
585 416 678 506 hujus
704 417 882 510 praebendae
907 415 1027 486 confir-
1089 411 1189 480 Anno

56 511 58 516 ’
140 508 445 608 mavirEpiscopus
474 502 707 576 Cameracensis
734 528 819 573 anno
847 529 937 594 1203.
956 508 1028 575 Lir-
1096 523 1191 589 ¹203·

138 617 214 672 rerer
237 621 301 685 eJus
327 598 458 691 desuper
475 598 555 667 drtoe
574 599 751 666 referuntur
773 594 863 688 apud
875 596 1028 668 Miraeum
1046 587 1221 705 ssfflfff'

139 689 332 844 Disslffilg·
357 685 469 757 ΜΠ·
491 703 559 782 ΜΡ·
573 700 628 770 69.
770 730 771 734 ’
1046 720 1221 776 ιίοηειιιηονᾳ

220 777 333 846 ubitari
369 776 473 870 poffet
496 819 508 857 ,
541 799 622 846 num
646 773 715 846 haec
739 774 913 846 Praebenda
937 776 1030 844 fuerit
1047 781 1189 833 prebenda.

137 885 294 964 perpetua
317 909 330 946 ‚
359 891 400 936 an
422 865 543 936 tannim
570 887 785 958 temporanea.
807 866 936 936 Dicitur
962 866 1032 953 qui·
1079 873 1119 917 An
1133 863 1207 924 nun

139 958 216 1025 dem
240 957 274 1024 in
298 955 403 1026 litteris
426 955 600 1050 Capituli,
629 955 681 1025 hic
700 953 795 1048 suprd
817 955 915 1024 citatis
942 955 1032 1047 apud
1050 942 1171 998 ΜΝ

140 1045 297 1127 Miraeurn
329 1063 397 1150 cap.
423 1070 514 1135 70.‚
546 1046 768 1124 fundationem
803 1043 885 1115 hanc
911 1047 1032 1117 neum

139 1135 242 1204 firiffe.
264 1135 367 1215 „Sub
382 1133 577 1222 taliiormd2
600 1156 636 1206 ut
656 1137 692 1209 in
709 1134 746 1204 ed
764 1158 869 1206 novus
891 1134 1031 1204 institue-

137 1264 163 1306 „
176 1245 260 1294 retur
272 1228 457 1294 Canonicus
469 1268 481 1304 ‚
493 1225 612 1294 ibidem
624 1227 656 1293 in
670 1245 863 1318 perpetuum
875 1223 1031 1292 ministra«
1058 1303 1060 1314 ,

139 1333 276 1394 „turne
289 1319 307 1342 '’
328 1313 389 1382 Sed
416 1311 439 1382 fi
464 1337 579 1382 verum
601 1312 637 1381 srt
649 1355 661 1392 ‚
683 1315 773 1401 quod
796 1314 892 1406 suprd
915 1314 956 1383 ad
972 1337 1030 1380 un-

140 1427 224 1472 num
265 1407 359 1492 1148.
391 1429 430 1472 ex
468 1403 576 1472 litteris
612 1401 765 1494 Episcopi
798 1399 1029 1473 Cameracensis

140 1493 348 1586 collegimus,
364 1515 536 1562 numerum
555 1492 671 1562 scilicet
685 1493 925 1578 canonicorum
951 1512 1029 1563 tunc

138 1583 273 1658 austum
294 1581 385 1652 fuiffe
407 1583 448 1655 ad
469 1581 641 1660 duodecim
663 1623 676 1661 ,
699 1582 822 1664 deberet
848 1581 915 1652 brec
936 1579 1028 1650 firiffe

141 1671 266 1739 decima
285 1673 373 1740 tertia
395 1697 405 1741 :
429 1679 461 1740 δι
482 1691 589 1741 tamen
612 1715 624 1752 ‚
650 1691 685 1740 ut
705 1670 785 1740 infrd
810 1672 989 1740 videbimus
1014 1706 1028 1750 9

140 1759 265 1832 constat
285 1784 368 1829 anno
391 1761 482 1850 hujus
506 1760 601 1829 seculi
635 1758 874 1851 quadragefimo
905 1759 1029 1830 tantum

140 1848 234 1916 fuiffe
261 1848 444 1924 duodecim.
481 1850 577 1918 Unde
603 1847 627 1916 sr
652 1849 720 1918 haec
742 1848 914 1917 Praebende
936 1849 1030 1916 fuerit

142 1957 318 2028 perpetua,
338 1948 455 2005 verum
477 1961 545 2004 non
567 1937 633 2015 est,
658 1951 839 2006 numerum
858 1939 1031 2007 canonico-
1065 1962 1072 1972 ἃ

141 2049 218 2094 rum
243 2048 328 2094 anno
356 2028 451 2113 1148.
475 2027 610 2095 audium
628 2024 718 2093 fuisse
738 2026 779 2092 ad
801 2027 985 2094 duodecim.
1125 2081 1129 2087 .

188 2117 303 2183 Praeter
326 2115 449 2192 Cellam
472 2117 516 2182 D.
537 2114 648 2183 Mauri
671 2112 910 2182 monachorum
932 2118 1033 2183 Rene-
1103 2132 1198 2204 1204·

144 2205 338 2274 didb'norum
356 2206 390 2274 in
413 2208 524 2296 Burgo
546 2211 579 2272 δι
598 2204 770 2272 Abbatiarn
790 2202 821 2272 S.
834 2202 1030 2282 Michaelis,
1063 2235 1065 2244 v
1085 2200 1217 2269 uespere,

144 2318 221 2364 cum
244 2317 387 2362 connexo
411 2295 680 2362 Norbertinarum
699 2291 916 2372 monasterio,
939 2293 1031 2383 quod

144 2383 255 2474 paucis
278 2385 364 2462 annis
383 2383 515 2451 substitit
538 2425 560 2459 ,¹
585 2382 671 2450 aliud
704 2381 854 2451 haddenirs
873 2382 1032 2452 monaste·

145 2473 231 2538 rium
252 2471 437 2560 Antverpiae
458 2469 621 2538 substitisse
642 2470 728 2539 nulla
744 2493 954 2540 monumenta
970 2474 1033 2540 do-

147 2579 228 2630 cent.
251 2558 372 2629 Venim
388 2559 550 2650 Gramaye
569 2560 601 2628 in
623 2559 677 2630 sua
702 2562 879 2653 Antverpia
900 2560 954 2631 lib.
966 2567 1033 2631 III.

145 2665 215 2804 ξφ.
226 2654 285 2716 XI.
308 2653 401 2718 refert
420 2649 763 2810 exsignstprrpscoenpppi
789 2649 1032 2810 Eiphaprelrpfipi,

168 2763 198 2806 rc
221 2761 306 2806 anno
334 2762 426 2826 1204.
473 2765 493 2807 u
553 2760 574 2807 t1
602 2766 619 2807 e
650 2760 701 2808 utr
770 2764 810 2809 ue
848 2767 922 2810 exus
979 2766 1034 2808 e«

146 2825 273 2920 giosos‚
295 2831 350 2914 qui
372 2829 525 2898 morbidis
542 2829 710 2900 vacabunt.¹
733 2765 783 2902 'q‘

194 2915 330 2981 Clarum
354 2913 397 2981 est
420 2957 431 2991 ,
466 2914 519 2980 hic
549 2914 626 2982 nihil
645 2914 733 2983 aliud
752 2915 883 2982 indicari
903 2958 914 2992 ,
937 2914 1034 2998 qubm
1088 2925 1229 2978 scenzabeae

147 3002 388 3074 Nosocomium
407 3002 460 3069 seu
483 2999 657 3093 hospitale,
679 3003 768 3092 quod
789 3003 852 3080 illic
873 3000 1034 3084 subsrstit,
1056 2990 1110 3044 ‘¹²³'

112 3119 114 3124 ’
169 3094 298 3182 uodque
321 3091 410 3160 oiim'
425 3090 549 3160 dierum
572 3090 615 3160 est
639 3093 803 3187 Hospitule
828 3099 868 3162 B.
891 3100 1036 3174 Martie,

147 3116 218 3251 dein
246 3183 396 3272 usquein
418 3179 612 3250 hodiernum
634 3182 720 3256 diem
732 3184 895 3277 Hospitalr
913 3188 1035 3252 'S.Eli·

147 3268 277 3341 znberhae
300 3302 311 3340 :
332 3270 410 3340 illud
429 3272 513 3342 enirn
534 3271 710 3341 institutum
733 3273 775 3339 est
799 3271 889 3341 unicd
915 3273 957 3340 ad
973 3288 1037 3342 'cu-

147 3360 264 3442 randos
286 3359 451 3428 morbidos
487 3387 500 3439 3
535 3367 568 3426 δι
589 3361 621 3426 in
644 3383 684 3428 eo
706 3363 746 3426 ab
770 3362 890 3451 origine
911 3363 1042 3432 fuerunt¹

149 3443 300 3540 Religion
324 3448 478 3537 utriusque
502 3447 611 3526 sends,
634 3450 687 3537 qui
708 3448 890 3518 dicebantur
912 3457 1035 3522 Fratres

150 3543 329 3618 &Sorores
356 3579 367 3615 ,
400 3562 470 3625 quae
506 3538 638 3606 nomina
676 3561 716 3604 eu
749 3561 823 3608 aevo
848 3545 1036 3613 communia'

150 3646 237 3696 erant
255 3623 472 3696 Ecclesiasticis
495 3627 654 3716 utriusque
676 3627 764 3696 sexus
788 3670 801 3708 ‚
830 3648 896 3697 tarn
919 3631 1038 3700 secula-

148 3718 236 3805 ribus
270 3712 369 3807 qudm
392 3716 596 3812 templaribus,
623 3718 744 3798 fratres
766 3721 914 3800 eruebant
948 3719 1038 3878 spiiji'

940 3826 995 3880 tua
1018 3831 1038 3882 'd
