2576 4386
286 329 511 399 Cunrs'ro
545 319 802 398 'eraserint'
925 321 991 414 '183

104 415 355 511 &imposterum
394 417 618 507 cujuscumque
661 409 996 486 calumniarentur·
1060 408 1157 476 Anno

105 508 367 587 „tradifflone5
399 531 466 575 non
499 505 639 574 obstante
668 506 762 574 etiam
791 525 992 592 quocumque
1063 519 1161 568 1201.

104 597 268 676 „damno
305 596 360 664 seu
379 595 604 665 incommodo·
617 609 793 687 emergente
817 590 856 661 de
879 593 993 672 bonis,

102 709 217 774 „quae
241 685 422 776 &pradilia
448 685 561 752 collata
584 683 656 754 sunt
676 701 834 752 matrona.

151 771 292 862 „Quod
311 791 347 842 ut
371 773 510 842 debitam
526 774 666 842 obtineat
689 770 891 850 finnitatem,
913 791 997 862 prte-

103 860 261 942 „sentem
285 864 415 932 fecimus
438 861 590 931 conscribi
614 864 764 955 paginam
789 857 876 952 tigilli
897 857 995 926 nollri

102 991 131 1035 9,
144 953 297 1020 caractere
315 955 512 1028 roboratam.
531 953 657 1022 Adlum
675 974 761 1020 anno
784 950 881 1018 Verbi
891 949 996 1030 incar·

103 1080 132 1118 ‚,
145 1040 213 1107 uati¹
233 1038 406 1110 Millefimo
430 1038 644 1111 ducentelimo
667 1041 815 1134 primoss”
965 1045 969 1054 ‘

151 1127 203 1195 Ex
236 1129 283 1198 his
315 1129 418 1198 litteris
464 1149 526 1198 atet
543 1129 762 1200 fundationem
794 1128 887 1219 hujus
908 1129 994 1198 Pra-
1012 1143 1187 1214 collatioprs.

103 1217 218 1286 bendae
253 1218 352 1287 taliter
384 1218 403 1288 a
459 1219 579 1312 apitulo
601 1237 793 1313 acceptatam
814 1218 933 1298 mille,
956 1235 993 1288 ut
1013 1209 1150 1324 perpatuit}

100 1305 139 1372 in
164 1307 314 1375 omnibus
336 1307 477 1377 indueret
501 1307 656 1378 tationem
679 1309 825 1390 aliarum¹
848 1311 993 1400 praeben-
1012 1290 1163 1406 gpissussm

104 1393 223 1475 darum
249 1395 320 1478 :ita
344 1415 379 1466 ut
401 1396 570 1486 nequidem
593 1421 657 1492 pro
684 1394 790 1491 primi
810 1397 879 1466 vice
905 1400 994 1466 Fun·

104 1481 213 1552 datrici
245 1485 430 1557 concess'erit
468 1485 654 1644 eleciipnem
690 1505 747 1557 aut
779 1485 993 1578 presentatio-

104 1593 179 1639 nem
202 1573 287 1642 :sed
310 1575 465 1644 Canonici
489 1577 531 1644 ad
579 1600 661 1657 ane,
684 1575 762 1647 ficut
785 1575 927 1646 solebant
950 1577 992 1654 ad

103 1682 215 1730 omnes
240 1663 338 1744 alias,
360 1665 518 1758 elegerunt
533 1672 566 1735 &
582 1663 622 1735 src
635 1666 772 1737 olebium
792 1666 993 1736 induxerunt.

101 1749 293 1841 Capitulum
328 1755 412 1821 enim
432 1753 555 1848 semper
577 1756 727 1826 omniunt
753 1755 884 1823 suarum
909 1780 994 1846 prae-

104 1839 283 1909 bendarum
301 1841 490 1912 clemonem
508 1887 522 1924 ‚
542 1843 746 1914 collationem
767 1850 799 1911 &
824 1841 992 1911 institutio.

100 1949 179 1995 nem
201 1927 311 1997 habuit
323 1961 339 2008 ‚¹
354 1929 508 2018 habetque
522 1931 618 2018 usque
630 1935 663 1999 in
674 1932 992 2014 hodiernumdiemc

101 2013 161 2082 nili
198 2014 288 2104 quod
309 2018 342 2084 in
372 2019 527 2087 erectione
552 2017 763 2112 Episcopatus
785 2042 849 2086 una
871 2043 991 2087 annena

101 2101 140 2172 lit
154 2105 269 2174 mensae
283 2105 465 2200 Episcopali
476 2149 489 2187 ,
502 2112 536 2175 &
548 2108 697 2200 dempta·
709 2103 767 2176 srnt
778 2125 899 2176 novem
908 2130 992 2199 prae-

101 2194 213 2264 bendae
237 2219 300 2289 pro
322 2196 454 2266 totidem
481 2196 653 2266 Graduatis
677 2239 690 2277 ,
718 2219 859 2285 quorum
883 2197 993 2288 super·

100 2283 241 2354 viventes
272 2307 351 2354 cum
384 2284 548 2379 Episcopo
580 2285 748 2356 inlocum
775 2286 916 2355 deuntn·
936 2284 993 2354 fibi

100 2374 293 2443 confratrem
325 2374 452 2464 eligunt.
486 2375 543 2443 Ad'
570 2377 710 2466 primun
731 2389 838 2443 autem
860 2377 891 2443 di
914 2378 992 2444 nita.

99 2477 168 2529 tem
193 2503 205 2539 ‚
226 2485 299 2548 quae
318 2461 481 2531 Decanalis
505 2461 586 2540 est,
618 2463 715 2532 hodie
738 2464 882 2533 nominat
927 2466 993 2530 rin-

97 2571 185 2641 ceps.
228 2549 437 2640 Reliquarum
497 2551 715 2630 iubendarum
753 2551 859 2637 adhuc
892 2552 989 2622 hodie

98 2639 290 2730 Capinrlum
319 2639 414 2711 habet
497 2640 643 2710 ationem
658 2665 716 2736 per
737 2659 873 2730 quatuor
897 2666 990 2712 men·

99 2725 176 2806 ses,
199 2731 539 2884 conferunturque-per
563 2731 747 2802 Canonicos
767 2732 948 2822 capitulares
973 2774 989 2811 ,

98 2839 167 2884 non
194 2840 249 2909 per
270 2838 349 2886 vota
361 2861 373 2897 ,
399 2839 436 2887 ut
454 2842 557 2897 orm,
578 2819 632 2886 sed
661 2843 718 2910 per
727 2838 869 2887 turnum.
892 2823 990 2886 Fiunt

96 2922 207 2972 autem
225 2907 276 2972 Ca
299 2906 421 2973 intlares
446 2927 566 2971 novem
589 2906 708 2976 circiter
730 2903 888 2973 mensibus
914 2903 988 2997 post

96 2993 226 3064 tertium
246 2929 360 3062 felium
379 2992 411 3060 S.
425 2993 567 3074 Joannis.

138 3083 259 3166 Jorrrn
289 3105 352 3175 pro
383 3077 444 3150 haic
476 3081 659 3151 fimdatione
680 3077 711 3150 se
729 3082 923 3178 obligaverat
944 3081 985 3153 ad
1008 3075 1182 3194 bfflilmffi

94 3173 337 3264 comparandos·
355 3170 488 3240 Reditus
507 3169 617 3240 decem
636 3194 819 3256 marcarum
841 3195 851 3240 :
875 3193 911 3243 ut
929 3198 984 3243 au·
1004 3156 1113 3274 [ἓξὲξ]

94 3280 163 3328 tem
183 3264 222 3327 ab
247 3261 307 3331 hac
329 3261 520 3354 obligatione
542 3260 714 3331 solveretur
738 3277 768 3343 ,'
787 3264 827 3331 de
851 3260 983 3346 confilio

95 3348 208 3419 Ducis-
223 3351 398 3420 Btabantiae
421 3357 454 3419 &
476 3351 749 3430 Canonioorum,
779 3352 860 3418 duos
881 3352 985 3418 mani-
1079 3423 1082 3428 ,

122 3436 192 3507 ulos
214 3436 344 3508 decimae
378 3438 417 3508 de
441 3439 666 3508 anaonuu
689 3445 723 3507 &
744 3438 983 3527 quatuordecim

143 3527 232 3596 naria
259 3544 348 3596 tarrae
379 3528 412 3596 in
437 3526 548 3597 elidem
581 3526 661 3596 villai-
682 3528 914 3621 comparavit,
948 3537 982 3602 δι

93 3617 283 3721 procuravit
305 3613 495 3686 utEcclesrn
514 3614 747 3710 Antverpiensr‘s
772 3640 828 3708 per
852 3618 982 3690 Ducem

94 3727 130 3794 in
153 3707 196 3778 eis
218 3703 423 3782 investiretur.
464 3705 653 3864 Calpiitulum
689 3723 795 3780 autem
817 3728 982 3862 accepplans

500 3867 511 3880 -η
561 3817 586 3888 ,4
935 3818 984 3886 aeq
