2576 4386
285 377 349 467 '23'2'
533 371 918 448 anteeant·
1270 453 1271 462 .

134 460 232 530 'Anam
284 461 524 548 „elemosmatn
550 466 741 535 contulimus
761 465 919 558 Hospitali
937 462 1165 558 Antwerpienli
1270 497 1271 502 ¹

135 551 234 640 ίιι38.
284 597 309 636 „
318 554 447 646 locum,
461 576 556 642 quern
568 553 833 646 impresenn‘arum
852 555 1022 647 occupavit
1034 554 1166 645 &septo

283 643 525 724 „circumdedit
559 666 596 710 ro
620 645 822 725 eAlnetum‚
841 643 882 712 ad
893 643 1066 713 locandum
1080 645 1112 710 in
1126 667 1165 711 eo

283 731 440 814 „dietum
459 732 577 824 Hopit
609 753 725 802 ecum
746 732 805 800 suis
827 731 943 800 horreis
972 738 1004 800 &
1024 729 1168 801 officinis.
1270 759 1271 768 ¹

330 821 415 901 „Ut
456 840 562 889 autem
598 819 656 896 hec
688 819 794 890 nostra
829 821 958 890 donatio
994 820 1066 912 ipsrs
1101 840 1167 889 rata
1270 819 1271 832 ¹

286 925 313 990 5,
321 927 525 1002 permaneat,
547 909 698 1000 presentes
722 910 854 978 Litteras
873 906 945 1002 iplis
964 905 1167 978 fieriffieimus
1270 961 1271 972 ,

283 1021 356 1078 „ac
379 994 465 1090 figilli
483 995 579 1066 nostri
589 999 762 1070 munimine
778 999 930 1066 roborari.
952 999 1073 1065 Datum
1083 1020 1168 1066 anno

281 1128 310 1168 ‚,
323 1087 455 1155 Domini
465 1084 639 1156 Millesrmo
649 1084 859 1155 ducentesimo
871 1084 1023 1157 tricesimo
1035 1089 1170 1158 odiavo.

331 1177 424 1244 Nota
445 1174 535 1264 quod
555 1176 705 1279 ‘Princeps
727 1176 760 1242 in
785 1173 831 1244 his
853 1175 954 1244 litteris
975 1176 1005 1242 in
1030 1174 1171 1242 eleimo-

284 1263 396 1352 synarn
418 1261 515 1332 donet
538 1258 683 1356 hospitali
706 1261 845 1332 fundum
869 1307 881 1342 ‚
902 1287 995 1352 quem
1013 1261 1079 1354 jam
1100 1282 1169 1332 ante

287 1347 462 1446 possidebat
487 1393 499 1430 ‚
534 1352 624 1440 quod
648 1352 763 1444 pluries
785 1353 959 1423 observavi.

334 1438 474 1511 Obtentd
495 1437 555 1508 hic
574 1441 724 1534 Principis
744 1438 981 1511 confirmatione
1005 1439 1085 1508 Hos
1103 1441 1170 1510 itale
1260 1467 1265 1478 ·

94 1542 250 1600 moereant.
288 1529 329 1598 ad
351 1528 438 1598 hunc
459 1528 570 1597 locum
593 1551 705 1600 cuma
728 1529 897 1620 pendentiis
912 1528 973 1598 suis
988 1547 1057 1598 tran
1083 1549 1169 1598 atum

286 1617 362 1697 est,
396 1616 528 1704 idque,
563 1635 599 1686 ut
629 1641 723 1705 quae¹
810 1618 975 1687 memoriae
1016 1621 1122 1688 ferunt
1158 1661 1170 1698 ‚

286 1708 320 1776 in
364 1703 443 1773 fello
481 1703 534 1774 SS.
565 1703 699 1798 Philipi
731 1712 764 1773 δι
788 1705 936 1790 Jacobi,
969 1712 1002 1775 &
1035 1704 1171 1776 Ecclesia

289 1793 468 1866 consecrata
497 1807 551 1865 16.
575 1729 728 1864 Octobris
753 1793 890 1884 ejusdem
915 1796 988 1863 anni
1009 1820 1068 1888 per
1083 1796 1173 1864 Gur-

291 1906 416 1955 nortun
452 1883 540 1978 Epis.
578 1885 672 1954 Cam.
713 1882 749 1952 ln
780 1907 820 1952 eo
851 1884 927 1953 loco
964 1885 1172 1953 commodam

290 1970 490 2045 mansionem
514 1973 636 2041 invenit
660 2015 671 2052 ,
706 1971 939 2066 perseveretque
964 1973 1084 2040 ibidem
1109 1974 1174 2062 jam

293 2062 375 2132 ultra
399 2064 535 2152 quinque
556 2061 658 2131 secula
682 2087 692 2131 ε
717 2061 770 2132 sed
799 2085 865 2129 non
888 2059 944 2130 nili
971 2085 1028 2153 per
1051 2061 1175 2154 septua-

315 2153 379 2222 inta
411 2152 463 2220 sex
495 2174 592 2219 annos
623 2170 708 2218 extra
733 2173 843 2222 muros
864 2152 923 2218 fuit
945 2175 956 2228 3
979 2173 1063 2219 anno
1083 2147 1177 2236 liqui-

292 2176 369 2308 dem
397 2261 490 2329 1314.
507 2238 665 2306 moenibus
684 2240 799 2305 iterum
825 2238 1044 2312 circumdudlis
1065 2236 1178 2304 secun-

292 2325 337 2394 db
356 2327 523 2396 visceribus
532 2326 674 2394 Civitatis
686 2345 886 2482 aggrpgamm
896 2326 957 2407 est,
969 2349 1033 2416 quo
1048 2323 1176 2394 diuinis

132 2486 135 2494 ,
173 2491 180 2508 ,
291 2415 386 2486 seculi
412 2414 503 2486 Xlll.
525 2413 751 2508 preservatum
783 2417 840 2486 uit.

97 2493 272 2607 wssffffie}
338 2506 427 2574 Cum
451 2504 514 2572 ‘am
538 2505 557 2573 a
584 2504 622 2572 tri
645 2505 709 2572 intr
727 2503 845 2595 septem
869 2505 991 2582 annis,
1026 2521 1062 2574 ut
1084 2501 1179 2598 suprl

98 2569 145 2673 10?
166 2605 168 2608 ’
292 2592 399 2661 visum
418 2528 483 2669 etl,
504 2593 612 2686 produ
646 2592 669 2660 's
690 2595 848 2662 moenibus
868 2593 986 2662 Civitas
1011 2595 1054 2661 ob
1076 2595 1180 2661 abun·

293 2681 432 2766 dantiam
456 2679 589 2747 Civium
614 2679 737 2756 dilatata
761 2679 865 2760 esset,
896 2688 929 2750 δι
950 2703 1096 2750 numerus
1120 2703 1180 2748 eo·

294 2791 369 2838 rum
407 2766 510 2837 adhuc
532 2768 630 2836 indies
651 2787 815 2861 augeretur
835 2811 849 2848 ,
880 2770 1064 2840 conveniens
1083 2786 1180 2848 erat,

293 2877 331 2933 ut
354 2865 388 2930 &
416 2858 527 2928 Clerus
551 2864 584 2927 &
608 2857 721 2930 Cultus
741 2857 866 2930 'divinus
890 2857 1180 2951 multiplicarentur.

293 2949 410 3018 Cultus
434 2968 538 3018 autem
556 2948 683 3018 divinus
703 2945 863 3036 hucusque
884 2969 950 3016 non
973 2944 1095 3018 tantirm
1112 2969 1180 3014 non

292 3041 394 3110 fuerat
428 3038 539 3108 aureus
561 3079 575 3118 ‚
606 3037 683 3127 quin
714 3034 819 3130 potitis
841 3038 884 3104 ob
901 3038 1093 3138 paucitatem
1115 3037 1182 3104 Ca-

293 3125 486 3193 nonicorum
510 3166 524 3202 ‚
558 3128 612 3213 qui
631 3123 752 3195 tantiun
771 3123 946 3196 duodecim
969 3142 1079 3201 erant,
1110 3122 1182 3191 col-

291 3209 418 3307 lapsum
476 3229 607 3280 ateretur
650 3215 682 3280 in
724 3210 862 3294 Ecclesia
891 3213 1028 3295 matrice.
1064 3213 1181 3300 Qtare

294 3298 417 3372 maturd
462 3299 641 3372 eliberatum
661 3301 719 3370 fuit
731 3307 750 3382 ⁸,
771 3298 969 3390 quitatione
997 3295 1182 3393 opportund

295 3391 502 3461 restitueretur
527 3397 561 3460 δι
585 3390 796 3496 ampliaretur.
889 3395 891 3402 '

99 3506 275 3574 mat...
297 3477 300 3486 ’
335 3480 482 3560 Jaminde
503 3482 675 3572 Antverpra
701 3480 809 3550 animo
827 3497 1014 3578 conceperat
1025 3477 1182 3581 advocare

102 3571 272 3646 enditvoqare
296 3565 414 3635 Fratres
427 3569 804 3656 Praedicatores‚quoru1n
815 3570 858 3635 ob
872 3567 1182 3661 lbrgularemenmm

101 3635 274 3752 {paim
295 3654 328 3721 in
368 3657 571 3756 praedicando
607 3677 760 3749 magnum
791 3661 858 3725 'erat
879 3679 1033 3734 nornen,
1067 3655 1183 3742 quique

166 3730 175 3760 ³
296 3740 348 3823 vel
368 3741 440 3814 ideo
465 3747 581 3834 ubique
605 3745 849 3836 querebantur,
871 3746 1025 3844 &jamin
1041 3745 1181 3904 vileinias

492 3869 496 3876 ·
1102 3852 1181 3902 ova-
