2576 4386
287 219 830 302 Cunrsr'o‘ensi'crln's'a
930 236 1001 318 rei*

94 321 190 390 Eam
208 323 465 426 pronuntiarunt.
506 317 662 388 Sententia
684 320 737 388 illa
761 336 897 392 meretur
923 347 1004 392 con·
1067 317 1166 391 Anne
1283 381 1284 390 ,

99 409 321 480 servantum
344 411 388 478 ob
414 408 599 477 vetustatem
622 428 694 477 tum
716 411 761 476 ob
783 413 870 479 varia
890 433 1005 481 notan·
1073 430 1169 501 1225.
1283 401 1284 470 3

102 499 151 567 da
169 501 212 566 *in
232 522 276 568 ea.
299 501 408 568 Refert
423 498 511 566 illam
520 496 756 590 papebrochius
778 502 1004 570 Annal.Mss.

100 586 153 656 ad
175 587 258 656 hunc
280 611 402 656 annum
421 588 571 655 collatam
600 611 676 656 cum
701 585 924 680 authographo
947 612 1002 679 per

101 675 296 769 Philippum
328 698 392 746 van
427 674 636 756 vellentne,
671 676 756 748 unde
777 699 855 745 eam
873 675 1003 768 subjun-

125 787 161 834 0.

100 787 125 859 g
150 853 246 934 „IN
267 853 462 924 NOMINE
497 853 614 926 sandae
639 852 812 925 Trinitatis.
837 854 1000 924 Univerlis
1042 861 1196 916 ³¹01th

100 977 128 1025 ,‚
142 942 266 1011 Christi
307 941 451 1034 fidelibus
498 943 661 1038 Scriptum
705 945 771 1013 hoc
816 944 1003 1038 inspedluris
1022 923 1168 1044 ffim‘

99 1031 431 1114 „Scnotnsr1cus,
454 1034 644 1115 Petroni,
666 1035 758 1126 Mag.
775 1036 822 1104 H.
836 1036 1006 1122 Cauourq
1086 1045 1089 1052 “

102 1162 133 1202 ,,
149 1146 187 1192 cr
208 1123 594 1216 Antverpicnsessa'lutem
618 1125 651 1191 in
675 1147 755 1192 vero
778 1123 915 1194 salutari.

148 1211 286 1292 „Cum
311 1212 528 1293 mortalium,
552 1231 683 1307 propter
709 1212 773 1282 suae
807 1211 999 1286 conditionis

96 1317 127 1381 3,
140 1301 437 1394 impedimentum,
450 1323 596 1458 (perenne
619 1325 686 1370 non
709 1301 813 1394 potest
833 1302 894 1371 elle
916 1303 1000 1372 testi-

98 1390 332 1472 „monium3
369 1412 448 1482 expe
482 1407 525 1469 t,
557 1409 593 1461 ut
610 1415 646 1458 ea
666 1431 680 1470 ,
703 1413 773 1478 quae
796 1391 815 1460 d
839 1392 1003 1462 modernis
1130 1425 1133 1432 ·

98 1519 128 1558 2,
140 1477 224 1568 juste
264 1479 335 1549 adia
378 1499 416 1548 ac
455 1479 678 1548 rationabiliter
714 1480 788 1550 sunt
818 1481 998 1562 ordinata,

98 1566 248 1672 „scripti
283 1567 465 1637 testimonio
512 1567 618 1639 osteris
638 1568 763 1640 scienda
784 1569 1001 1661 relinquantur,

100 1695 128 1738 ‚2
142 1663 177 1727 δι
201 1657 422 1727 mviolabiliter
444 1590 651 1730 obiicienda.

150 1745 268 1826 „inde
291 1746 357 1828 est,
384 1748 473 1836 quod
493 1770 553 1817 nos
578 1765 646 1817 tam
671 1747 873 1840 praesentibus
897 1750 999 1840 quim

98 1836 254 1916 '„futuris
291 1835 386 1925 hujus
420 1835 533 1930 Scripti
563 1834 755 1906 attestatione
786 1858 904 1908 notum
935 1838 1000 1908 elle

98 1964 128 2005 ‚‚
140 1924 318 2014 cupimus,
337 1923 453 2012 quod,
476 1947 551 1992 cum
570 1925 835 1997 interlinearem
855 1929 1002 2011 &eona

99 2052 129 2093 2,
143 2031 296 2080 vaurum
332 2011 364 2081 S.
392 2009 559 2080 Michailis
590 2011 625 2078 in
655 2014 829 2106 Antverpia
863 2038 902 2084 ex
933 2039 1001 2085 una
1053 2075 1056 2080 .

100 2141 128 2180 ,‚
141 2117 262 2194 parte,
281 2108 315 2171 δι
336 2100 553 2171 Parochianos
583 2099 622 2168 de
656 2105 778 2170 Doirne
809 2127 849 2171 ex
870 2101 1001 2182 alteri,
1026 2141 1030 2148 ·

99 2231 129 2271 2,
144 2188 239 2260 causa
262 2191 301 2260 de
320 2191 465 2280 quodam
486 2191 632 2258 Nemore
663 2190 697 2258 in
726 2191 919 2283 Borgerhout
940 2192 1001 2264 sae·

100 2278 213 2371 „pitis
238 2298 329 2350 mota
355 2287 389 2352 dc
410 2281 443 2349 in
468 2277 686 2350 cameracensi
713 2281 814 2351 Curia
837 2282 1004 2373 aliquoties

100 2365 250 2448 „fuisset
270 2371 420 2439 ventilata
446 2393 458 2448 ;
481 2370 612 2438 tandem
634 2392 692 2460 per
716 2367 901 2441 Officialem
917 2372 1000 2464 ejus·

100 2497 129 2537 2,
143 2456 221 2526 dem
233 2457 350 2532 Curiae
372 2459 464 2526 nobis
485 2455 588 2526 fuiffet
604 2456 797 2540 commilla‚
817 2459 941 2550 judicio
962 2462 1000 2544 δι’,

93 2572 129 2626 3,
142 2541 378 2702 corppofitione
398 2547 614 2627 terminanda,
931 2607 932 2612 ,

147 2673 177 2715 -,,
227 2658 263 2704 os
288 2633 396 2718 verd,
421 2636 497 2725 quia
520 2637 599 2706 inter
620 2653 722 2733 partes
746 2661 804 2736 per
830 2640 996 2736 composti
1108 2675 1111 2680 ·

100 2739 128 2805 ¹„
140 2725 265 2795 tionem
290 2725 378 2796 litem
397 2726 537 2795 decidere
556 2747 624 2796 non
646 2746 855 2832 poteramus,
868 2755 997 2808 convoe

101 2814 220 2893 „catis
240 2817 401 2918 partibus,
427 2815 541 2883 auditis
559 2814 634 2884 hinc
646 2817 719 2884 tnde
731 2818 998 2969 allegationibusfi

101 2939 128 2981 ,‚
141 2919 273 2993 receptis
293 2904 392 2988 etiam
417 2901 696 2992 utriusquepartis
722 2902 790 2970 testi
813 2927 849 2970 us
872 2911 906 2972 δι
921 2917 998 2975 exa-l

100 2989 267 3072 „minatis
291 3030 304 3070 ‚
333 2993 367 3058 in
393 2988 456 3056 hoc
479 2986 557 3080 pene
580 3011 691 3058 omnes
711 2989 892 3060 invenimus
916 2999 1000 3062 con-‘

100 3079 253 3160 „cordes
273 3121 286 3159 ‚
319 3079 410 3170 quod
440 3077 761 3169 Nemussipraefatum
773 3119 786 3157 ,
799 3102 877 3150 curn
901 3082 996 3153 omni

101 3165 210 3256 „jure
230 3211 244 3251 ‚
274 3169 317 3239 ad
344 3163 517 3238 Eccleliam
550 3164 582 3236 S·.
604 3167 773 3238 Michast
792 3171 958 3274 pertineret
979 3195 995 3253 ς

102 3256 196 3336 „led
216 3258 333 3351 pascua
367 3257 508 3350 ejusdem
532 3257 685 3327 Nemetis
717 3262 868 3329 omnibus
893 3284 995 3353 peco-

103 3345 229 3424 „ribus
250 3390 263 3426 ,
296 3349 444 3442 exceptis,
463 3348 575 3440 Capris
596 3388 609 3426 ,
643 3363 751 3439 aperta
784 3348 909 3442 semper
929 3347 995 3432 elle,¹

102 3431 289 3513 „deberent
302 3444 339 3506 ·&
350 3439 547 3508 communia.

150 3526 395 3620 „Quapropter
416 3528 490 3595 Nos
518 3521 565 3594 ufi
587 3522 718 3597 consilio
744 3524 992 3600 Canonieorum'

104 3610 327 3698 „uolnerum
361 3616 552 3698 &aliorum
581 3617 764 3712 proborum
795 3616 954 3704 Yffffllffl
976 3657 1019 3722 a.

896 3745 922 3793 aa
933 3723 990 3792 qut
