2590 4388
329 407 561 477 Cnnrsno
598 403 865 476 enascens.
994 409 1038 489 85
1186 483 1190 493 .

143 496 266 565 locun
287 495 425 566 maxime
437 497 596 564 munitum
607 517 789 587 expugnans
801 498 889 561 viam
897 497 1039 586 aperun,
1107 491 1204 559 Anno

148 585 220 675 qui
243 587 364 679 primus
388 583 539 680 ingressus
562 582 607 656 est
626 586 761 662 urbem,
784 607 856 671 quae
866 605 957 677 capta
980 585 1039 652 fuit
1111 603 1208 665 1099.

154 675 296 762 15.Julii
315 672 452 765 ejusdem
465 675 549 744 anni.
779 673 782 679 ’
999 756 1002 761 ¹

199 765 325 856 Fugatis
333 760 534 841 infidelibus,
557 761 778 834 &videribus
793 762 937 855 praedam
954 783 1041 848 qua·
1065 765 1111 866 Μ’
1149 817 1172 864 4.
1190 815 1217 863 si

146 855 291 922 rentibus
313 897 326 933 ,
347 855 419 946 pius
441 851 637 921 Godefridus
662 853 811 947 pietatem
833 852 943 939 exequi
966 848 1044 918 sata·
1066 829 1236 932 miiaiin*

147 965 253 1039 gens,
274 944 401 1011 indutus
422 939 513 1018 lanea
530 939 615 1011 veste
640 945 743 1012 exiens
770 965 847 1009 cum
860 943 958 1008 tribus
984 941 1045 1008 (ἰο-Ι

150 1029 289 1100 mesticis
313 1035 425 1102 urbem
444 1032 610 1110 circumit,
633 1038 670 1100 &
689 1029 803 1100 devote
815 1027 917 1098 visitat
937 1029 967 1098 S.
991 1027 1046 1098 Se·

147 1119 472 1212 pulchraun‚ibique
495 1123 609 1214 gratias
622 1122 685 1214 agit
706 1123 781 1191 Deo
804 1120 844 1188 de
871 1119 1046 1212 adinpleto

148 1229 252 1280 voto,

203 1299 337 1367 Oblavo
353 1297 470 1390 postsu
494 1319 609 1370 eratam
620 1297 794 1380 Jerusalem
806 1300 855 1368 die
869 1299 1047 1392 congregati
1070 1307 1173 1374 angam
1189 1312 1243 1360 nex

150 1385 230 1462 funt
254 1388 414 1492 Principes
444 1322 492 1456 ad
513 1388 691 1482 eligendum
720 1389 868 1480 Rege1n3
892 1389 1049 1480 elegerunt
1067 1370 1223 1463 Jerusalem
1273 1437 1278 1452 .

108 1531 113 1538 .
153 1475 730 1554 autemunanuniterGonnnnmuu
746 1500 1048 1547 nunnouruucon-
1125 1517 1127 1524 ,
1219 1481 1222 1490 '

151 1567 352 1635 tranitentem
366 1589 375 1634 r
390 1563 542 1635 consensu
553 1583 658 1636 tamen
674 1566 819 1660 deinceps
834 1567 911 1646 ,sed
922 1569 1048 1659 regium

155 1655 307 1724 diadema
315 1653 431 1749 gestare
443 1656 570 1736 noluit,
590 1657 696 1726 dicens
719 1653 776 1728 fibi
801 1680 867 1726 non
880 1660 1051 1726 convenire

179 1741 275 1813 estare
302 1767 458 1822 coronam
484 1769 613 1818 auream
631 1747 665 1814 in
687 1746 763 1814 loco
783 1788 795 1826 ‚
817 1750 850 1813 in
878 1769 943 1833 quo
959 1746 1049 1826 Jesus

191 1833 304 1902 hristus
325 1832 499 1926 gestaverat
531 1857 686 1903 coronam
709 1834 852 1927 spineam
870 1857 931 1926 pro
953 1834 1051 1902 salute

155 1921 294 1988 humani
329 1925 457 2017 generis.
489 1923 539 1990 Sic
578 1923 685 1990 divina
713 1924 914 2014 providentia
940 1925 967 1990 ei
989 1945 1066 2014 prox·

158 2010 291 2168 {pipam
300 2051 314 2089 ‚
335 2032 431 2100 quem
442 2010 561 2112 pietatis
574 2009 665 2082 causi
678 2011 881 2088 alienaverat,
901 2014 1053 2103 Regnum

185 2125 202 2166 e
236 2118 259 2166 t.

206 2191 356 2280 Regnum
391 2187 459 2267 hoc¹
476 2210 616 2282 parumn
639 2187 768 2278 quidem
793 2204 891 2266 erat,
923 2185 1057 2255 substitit
1078 2225 1182 2278 mom
1197 2233 1248 2289 ejus

157 2297 265 2358 tamen
286 2301 344 2370 per
369 2301 469 2356 annos
495 2281 660 2372 odioginta
684 2280 775 2348 οᾶο.
805 2278 956 2347 Civitates
981 2276 1055 2345 inde
1078 2293 1108 2342 de
1129 2291 1234 2347 infiden-

162 2367 502 2460 dependentespaucae
526 2387 614 2440 erant
634 2375 666 2436 &
680 2363 799 2437 dillitae.
835 2368 943 2440 Pauco
976 2387 1057 2435 tem·
1078 2357 1133 2410 bus.

163 2479 266 2559 pore,
288 2478 356 2544 quo
379 2459 528 2548 regnabat
552 2457 774 2536 Godefridus,
796 2479 864 2524 non
891 2475 957 2524 ram
977 2457 1057 2525 dila·
1100 2497 1102 2504 ·

161 2557 229 2615 aare
266 2567 400 2638 regnum
425 2545 523 2636 quim
548 2544 766 2627 conservare,
801 2553 838 2618 &a
860 2545 949 2620 [eriles
974 2544 1056 2638 leges

161 2633 318 2712 instituere
341 2635 430 2708 cordi
443 2635 595 2724 habebat.
621 2633 759 2706 Occasio
778 2655 885 2714 tamen
910 2635 971 2705 sese
998 2639 1065 2704 obn

162 2725 260 2806 ailit,
281 2749 353 2814 qua
369 2725 495 2796 nascens
507 2725 572 2796 hoc
589 2723 725 2820 regnum
734 2723 934 2796 formidabile
946 2725 1058 2794 redde-

163 2819 218 2887 bat
239 2815 360 2886 vicinis.
383 2815 528 2886 Sultanus
540 2816 674 2910 AEgypti
685 2839 762 2886 clun
773 2819 863 2907 Rege
871 2816 1058 2902 Babyloniae

163 2923 347 2998 recepturus
364 2903 590 2984 Jerosolimam
613 2901 735 2970 ac'ceffit
747 2926 823 2969 cum
834 2903 969 2967 exercitu
981 2923 1059 3004 qua-

166 2992 407 3083 dringentorum
417 2990 554 3058 millium
590 2991 711 3059 edictam
734 2993 906 3063 &centum
924 2987 1059 3058 millrum

164 3081 322 3172 equitum
353 3078 549 3149 Godefridus
601 3105 662 3160 ex,
685 3079 808 3151 indictis
841 3080 985 3172 precibus
1015 3077 1057 3148 ad

165 3169 409 3264 implorandum
433 3170 588 3246 auxilium
614 3171 793 3251 divinum,
831 3195 909 3240 cum
942 3170 1061 3238 Princi-

168 3262 261 3354 pibus
284 3260 382 3330 tendit
402 3259 451 3338 ad¹
465 3260 610 3330 inimicos
632 3303 646 3342 ,
676 3268 710 3330 δι
730 3259 800 3330 licit
822 3261 971 3333 exercitus
992 3258 1057 3346 ejus
1125 3303 1130 3310 -
1188 3263 1193 3288 ²

168 3346 292 3418 tanum
304 3350 475 3419 contineret
496 3352 634 3441 quinque
654 3350 754 3416 millia
769 3351 912 3436 equitum
925 3354 957 3414 &
971 3348 1061 3436 quin·

169 3437 275 3508 decim
296 3439 400 3508 milliav
454 3439 558 3511 ditum
570 3481 582 3518 ‚
596 3439 774 3595 aggreditur
796 3435 1058 3511 innumerabilem

168 3525 261 3596 istam
283 3526 411 3608 multitu
434 3530 441 3544 '
467 3551 519 3607 em
531 3571 544 3609 ‚
567 3551 612 3596 cae

169 3639 253 3706 quos
276 3617 366 3710 fingat
388 3619 680 3712 &pradamrefert
692 3613 802 3708 quarti
822 3616 941 3710 augusti
952 3661 963 3697 ‚
977 3641 1067 3710 pau-,.

170 3708 213 3780 cis
230 3705 533 3801 diebus'postqfflm
558 3705 673 3778 elesius
694 3705 776 3784 effer·
787 3707 818 3774 in
837 3709 970 3800 Regem.
984 3707 1059 3773 Post

171 3795 352 3866 haecPrinci
377 3821 407 3863 cs
417 3797 512 3882 vicini
520 3820 634 3890 pacem
656 3819 734 3874 cum
754 3798 939 3874 eoinierunt
963 3796 1064 3864 &tri-
1101 3799 1104 3812 '

172 3886 316 3965 bunarios,
350 3884 436 3958 eilli
456 3887 620 3961 dederunt.
715 3959 718 3966 ,

579 3976 609 4058 ,Ε
633 3997 658 4068 3,
884 3981 899 4001 “
988 3964 1063 4048 ,Post

636 3547 659 3596 it
685 3545 818 3602 centum,
841 3525 964 3607 millia,
987 3527 1058 3595 reli·
1091 3587 1097 3600 .
