2576 4386
291 235 524 308 Curirs'ro'
557 237 828 307 {silicernia
928 244 997 343 '217'
1040 267 1044 276 ·

157 341 187 408 3,
199 327 311 416 Quare
336 349 397 418 pro
422 343 509 419 parre
531 323 631 392 vestra
650 325 710 394 fuit
735 325 840 393 Nobis
865 319 995 394 humin-
1061 320 1159 390 mne

93 435 202 500 52ter
233 415 479 508 lupplicatum‚
515 431 550 482 ut
567 437 658 482 ctnn
692 411 874 500 hujusmodi
900 415 996 483 trium
1068 431 1163 500 ¹233·

104 545 136 585 ,‚
152 507 305 572 Fratru'm
323 503 489 596 &septem
507 499 663 570 Sororum
686 524 835 569 numerus
856 521 917 592 pro
934 502 996 570 ser-

104 633 137 674 „
149 593 231 662 vitio
251 592 412 662 distorum
434 613 613 695 pauperum
636 597 670 658 &
691 587 894 670 infirmorum
913 587 998 658 suffi-

103 723 138 764 ,‚
151 683 246 761 ciat,
281 687 315 750 &
339 679 569 773 importunrtati
593 678 763 748 Potentlrm
781 677 999 772 prediciorum

102 767 372 852 ‚,res1sterenon
394 765 512 862 polluis
537 811 550 848 ‚
611 769 754 837 rovidere
793 769 886 837 vobis
905 768 1002 860 super¹

104 857 217 941 „hoc
242 859 281 926 de
302 878 466 963 oportuno
487 880 553 926 rem
598 859 629 925 'o
653 859 864 950 dignaremur.

160 947 272 1026 „Nos
292 947 386 1040 igitur
407 947 446 1015 de
488 941 615 1015 remillis
643 943 705 1016 fide
721 947 767 1016 .di
788 947 835 1014 nis
857 943 1002 1014 testimo·⁸

106 1076 140 1116 ,‚
156 1036 214 1103 niis
232 1036 391 1105 informati
415 1078 428 1116 ‚
450 967 601 1104 librilibus
626 1036 665 1104 de
685 968 788 1105 ceteri
807 1036 1000 1140 importunis

106 1165 137 1206 ,‚
152 1122 295 1192 instantiis
314 1125 444 1194 obviare
466 1124 608 1193 volentes
632 1167 645 1204 ,
676 1123 859 1214 hujusmodi
887 1118 998 1191 vestris

104 1211 427 1303 „supplicationibus
470 1213 640 1292 inclinati,
683 1213 857 1282 discretioni
895 1209 997 1279 vestre

108 1319 261 1381 „tenore
287 1299 474 1391 presentium
497 1301 672 1370 inhibemus
703 1307 736 1370 &
756 1303 814 1370 sub
835 1323 917 1394 pena
942 1325 996 1368 ex-

104 1428 135 1468 „
150 1390 448 1458 communicationis
466 1389 673 1471 mundamus,
696 1395 841 1478 qnatenus
858 1390 996 1477 aliquam
1077 1391 1078 1398 ’

107 1476 191 1556 „de
214 1496 315 1545 cetero
340 1479 373 1544 in
393 1475 542 1546 Sororem
565 1479 640 1547 dieti
661 1478 819 1572 hospitalis
840 1479 996 1546 nonreci-

106 1605 137 1645 ‚‚
152 1566 269 1657 piatis,
291 1567 392 1636 donec
414 1567 455 1634 ad
480 1569 638 1658 prefatum
662 1566 868 1662 septenarium
880 1561 995 1636 nume·
1030 1561 1032 1571 ’

110 1694 136 1734 „
149 1675 224 1720 rum
244 1650 280 1723 lit
301 1655 471 1723 deventum
482 1682 494 1734 5
515 1653 571 1724 nili
599 1656 724 1725 evidens
746 1651 899 1725 necellitas
911 1698 923 1735 ,
936 1679 994 1749 pet

110 1783 137 1821 ‚‚
151 1765 210 1809 vos
232 1740 266 1810 δι
288 1743 391 1812 dictos
417 1745 537 1812 Fratres
559 1747 692 1846 probata
715 1744 856 1836 primitus
883 1751 915 1810 &
937 1749 1005 1834 per'

109 1829 351 1922 „Episcopum
387 1832 440 1899 vel
477 1827 658 1900 Officralem
694 1829 865 1925 praedistos
902 1831 996 1898 etiam

108 1961 135 2000 ,‚
149 1921 351 2008 approbata,
372 1920 416 1985 id'
435 1919 590 2010 exposcat·
878 2001 880 2006 ,

158 2005 289 2084 „Nulli
320 2026 396 2096 ergo
431 2008 568 2073 omnino
599 2005 770 2074 hominum
801 2006 892 2074 liceat
913 2005 996 2074 hanc
1081 2017 1086 2024 “

109 2094 299 2186 „paginam
333 2092 436 2161 nostre
472 2092 663 2162 inhibitionis
697 2094 862 2187 infringere
893 2094 944 2160 vel
967 2095 997 2160 ei

110 2183 229 2263 „ausu
248 2183 416 2251 temerario
448 2185 610 2252 contraire.
630 2262 631 2270 ἵ
654 2181 686 2250 si
712 2184 780 2271 quis
803 2200 908 2250 autem
930 2179 996 2250 hoc

108 2289 333 2362 „attemptare
369 2270 588 2365 presumpserit
619 2272 865 2364 indignationem
888 2271 996 2340 omni-

108 2401 135 2440 „
149 2361 283 2513 potentis
304 2361 418 2427 Dei&
443 2362 610 2429 beatorum
634 2363 716 2427 Petri
741 2368 774 2428 δε
800 2359 889 2430 Pauli
901 2361 994 2450 Apo-

108 2489 135 2528 ,‚
176 2446 306 2514 olorum
332 2446 398 2534 ejus
416 2445 448 2512 se
470 2451 595 2515 noverit
617 2448 827 2516 incursurum.
870 2449 996 2515 Datum

108 2577 134 2618 ‚,
148 2535 308 2604 Avinione
346 2535 386 2601 V.
420 2533 493 2604 Kal.
523 2535 604 2626 Maij
656 2533 857 2607 Pontificanis
898 2535 996 2606 nostri

108 2646 233 2708 „anno
271 2622 421 2694 secundo.

515 2757 539 2795 ,‚
553 2721 592 2784 G.
615 2713 652 2783 de
674 2721 909 2808 Marsigniaco.

374 2803 625 2883 „Gnsoonrus
648 2805 710 2870 PP.
733 2805 819 2871 Xl.’'
972 2867 975 2874 ,
1005 2879 1009 2884 ,

155 2889 231 2958 Post
251 2888 334 2956 hanc
353 2888 514 2957 Pontificis
539 2890 666 2955 Bullam
687 2887 875 2979 septenarius
899 2883 1006 2958 Sero?
1048 2902 1171 2949 numerus

107 3002 183 3050 rum
207 2999 357 3046 numerus
382 2973 510 3068 pacifice
537 2974 718 3042 observatus
747 2976 927 3067 fultusque
953 2977 993 3046 ad
1019 2967 1131 3076 sputorum
1148 2975 1190 3010 ²¹¹*

107 3067 369 3138 reformationem
390 3064 562 3158 Hospitalis
590 3105 602 3142 ‚
636 3064 753 3132 fastam
780 3088 866 3133 anno
900 3041 1034 3153 ιςςι.Β
1088 3059 1095 3073 ’

98 3183 102 3190 ·
151 3181 167 3226 r
192 3151 396 3245 Godefridum
417 3152 455 3223 de
472 3159 549 3242 croy
567 3152 766 3258 Episcopum
785 3157 996 3225 Cameracen-
1032 3207 1033 3210 η

124 3265 208 3322 ern,
242 3244 296 3330 qui
331 3241 468 3322 slantit,
505 3260 540 3311 ut
570 3237 697 3311 drnriffis
735 3245 850 3313 ancillis
880 3246 993 3313 &aliis

107 3331 293 3402 secularibus
324 3331 499 3422 personis,
530 3354 606 3418 quas
642 3333 675 3397 in
707 3332 900 3420 adjutorium
931 3355 1010 3424 pro⁴

108 3417 313 3492 infirmorum
347 3419 472 3488 servitio
506 3418 695 3496 habebant,
717 3419 846 3488 Sorores
882 3421 995 3511 perse

109 3509 190 3580 solas
239 3507 418 3576 inservirent
451 3532 478 3577 ae
500 3510 611 3588 rotis,
645 3507 777 3596 ideoque
824 3531 994 3580 numerum

112 3597 207 3690 suum
240 3595 426 3692 adaugerenr
454 3531 499 3668 al
521 3597 632 3689 viginti
656 3617 823 3685 quatuor,
857 3621 1010 3688 eumque

151 3731 163 3744 ν·
882 3711 993 3770 numi·
