2576 4386
53 642 60 782 i

53 785 59 890 t

302 251 367 320 '220'
485 251 935 344 'nr-r-vrarrr

148 327 250 402 'Anno
300 361 406 419 nem,
445 339 544 428 qtram
571 341 590 410 i.
622 343 836 412 fundatoribus
865 342 1056 423 habebant,
1091 350 1123 414 δε
1144 344 1210 414 ad·

100 453 108 501 ¹*
149 431 250 512 “33⁶
299 425 1186 678 inudiiosiiifediiiiagriti'eraiibiigitiirnireaecaiotiiipiiiii

238 623 241 632 “
295 606 404 698 paucis
419 603 466 674 his
482 605 535 675 sed
547 607 634 677 claris
653 612 780 688 verbis,
802 635 834 677 m
854 611 991 680 terminis
1011 636 1067 679 exc
1081 610 1185 680 usrvis.

342 693 412 804 ,3In
431 695 545 766 eodem
565 696 723 801 Hospitali
742 699 927 792 recipiantur
942 722 1094 792 pauperes
1115 719 1186 768 tan.

296 791 322 870 ,',
334 802 404 852 tum
428 826 441 864 ‚
469 807 608 872 quorum
627 787 770 856 adbones
788 791 1008 856 membrorum
1027 788 1077 856 tali
1091 811 1184 856 mor-

295 873 379 952 „bo
416 869 630 965 impediuntur
656 918 667 954 ,
701 875 738 944 nc
774 872 892 969 po'ssint
912 877 1092 963 'discurrere
1124 901 1181 968 per

227 999 232 1010 ·
296 962 424 1041 „vicos
443 970 476 1031 &
495 965 619 1032 vitium
643 963 736 1034 suum
756 963 914 1035 hostiatim
934 967 1129 1034 mendicare”
1220 1033 1223 1042 ,

341 1051 422 1120 Haec
453 1069 520 1121 tota
547 1051 720 1145 Hospitalis
742 1055 893 1150 obligatio
928 1052 1013 1132 circa
1025 1054 1181 1145 egrotos.

295 1134 440 1208 Termini
461 1140 534 1209 sunt
551 1140 696 1212 exclufivi
712 1166 722 1210 ε
740 1143 980 1212 excludebantnr
994 1144 1094 1230 itaque
1108 1165 1178 1210 non

295 1249 481 1322 pauperes,
516 1253 581 1298 non
604 1233 719 1302 morbo
742 1233 847 1302 infesti
873 1239 934 1302 &u

339 1318 427 1386 Patet
462 1317 586 1410 insuper
615 1343 653 1388 ex
684 1321 782 1389 relato
817 1341 935 1400 textu,
967 1321 1179 1412 receptionem
1206 1321 1212 1338 ’
1260 1347 1261 1352 ’

293 1406 413 1486 morbo
431 1407 619 1476 infedtorum
642 1408 791 1478 creditam
813 1407 902 1479 fuiffe
923 1406 1098 1500 Religiofis.

98 1581 273 1698 ffi'uffm'
293 1584 516 1674 temporalium
536 1583 604 1652 haec
624 1586 657 1652 in
675 1585 768 1654 dictis
779 1584 904 1654 Statutis
921 1583 1075 1741 leffiuntur.
1093 1585 1177 1666 „In-

291 1671 510 1763 „duigemus,
534 1673 622 1760 quod
644 1696 717 1742 cum
736 1675 927 1744 Procurator

291 1761 438 1841 „obierit
465 1762 517 1828 vei
544 1762 617 1829 alias
640 1761 791 1842 cesserit,
822 1762 900 1830 alius
922 1763 1116 1831 Procurator
1137 1765 1177 1832 de

191 1919 197 1930 ,
289 1892 314 1945 ,,
328 1846 457 1918 confiiio
495 1853 629 1920 fratrum
664 1856 697 1919 &
721 1850 866 1920 sororum
893 1849 1033 1930 eiusdem
1059 1851 1176 1920 domus

98 1916 269 2048 „Efflk
288 1981 313 2020 ,,
322 1938 531 2008 substituatur.
542 1943 561 1967 ’'
590 1940 677 2008 Crun
691 1960 796 2008 autem
805 1931 946 2008 successu
957 1959 1020 2008 tem
1045 1943 1109 2008 oris
1122 1941 1176 2008 de·

114 2033 116 2038 ’
287 2029 382 2132 super
416 2027 544 2118 questio
565 2027 813 2108 monuisset,
837 2030 1002 2096 Commin'
1030 2030 1113 2108 arii,
1136 2029 1176 2096 de

289 2119 401 2210 quibus
448 2118 541 2210 supri
577 2159 589 2195 ,
635 2117 816 2186 aMartino
846 2118 907 2186 PP.
940 2119 979 2184 V.
1018 2111 1176 2184 commissi

289 2207 332 2274 ad
366 2202 550 2274 declaranda
585 2213 617 2273 δι
650 2207 876 2297 interpretanda
911 2203 979 2273 haec
1016 2203 1174 2283 Statura,

290 2295 435 2362 babentes
460 2313 529 2362 ante
548 2292 660 2362 oculos
680 2296 817 2386 primam
838 2293 902 2361 hos
919 2293 994 2361 italis
1012 2293 1175 2361 fundatio·

288 2406 381 2468 nem,
400 2381 463 2451 hoc
474 2385 631 2476 prandium
646 2379 685 2450 iic
698 2385 759 2452 inte
798 2383 884 2450 retati
895 2318 975 2450 iunt.
996 2423 1021 2461 „
1033 2381 1174 2466 Eledtio·

287 2515 313 2553 2,
327 2495 431 2551 nem,
462 2472 688 2540 institutionem
714 2479 746 2540 8c
789 2471 995 2540 estitutionem
1014 2472 1174 2563 Recepto·

288 2602 313 2639 „
324 2561 399 2628 toris
430 2602 443 2639 ,
487 2559 701 2652 gubernatoris
726 2558 1036 2628 &administratoris
1062 2581 1169 2626 rerum

286 2691 311 2730 „
325 2655 356 2716 δι
377 2650 539 2716 bonorum
559 2667 621 2717 tem
647 2647 783 2715 oraiium
802 2647 961 2738 hospitalis
975 2647 1113 2735 ejusdem
1128 2646 1172 2714 ad

288 2739 478 2830 „prefatam
510 2671 690 2816 Prioriiiam
722 2741 754 2803 δι
782 2735 846 2826 ejus
874 2736 995 2804 ditum
1016 2736 1173 2802 Conven-

287 2869 312 2907 „
326 2847 396 2896 tum
422 2870 435 2907 ,
474 2827 615 2916 quotiens
653 2825 818 2917 expediens
852 2825 946 2893 firerit
980 2821 1171 2892 declaramus

96 2983 97 2986 ,
287 2959 312 2998 ,‚
325 2915 417 2996 libere
439 2917 589 3009 pertinere
596 2917 615 2941 ”
798 2987 802 2994 ,

110 3000 268 3116 ἓθθῐῖθῖῐθ·
331 3005 475 3090 Denique
501 3003 677 3096 Episcopus
701 3002 891 3072 concludens
915 3001 1033 3071 Statuta
1059 3001 1171 3071 dicit:

95 3071 111 3112 '
145 3079 207 3118 Μ’·
286 3135 311 3175 ,,
326 3090 532 3182 Temporalia
555 3115 682 3176 quoque
702 3091 816 3159 domita
835 3111 1008 3164 memorate
1022 3086 1172 3158 deconii·

285 3179 365 3264 „lio
382 3179 521 3249 duorum
540 3179 711 3254 virorum,
731 3180 880 3248 timorem
891 3181 951 3246 Dei
963 3178 1170 3256 habentium,

286 3269 367 3352 „ad
402 3267 465 3336 hoc
496 3265 670 3340 alodiorum
703 3308 715 3345 ,
747 3268 800 3353 qui
827 3269 1029 3338 Sacramento
1056 3266 1171 3336 domui

286 3402 311 3441 „
324 3355 502 3426 fidelitatem
524 3353 747 3435 exhibuerint,
776 3354 890 3423 debent
908 3355 1100 3447 pertradari.
1124 3354 1171 3424 Hr

287 3468 432 3528 „autem
461 3447 559 3538 prout
582 3467 665 3534 opus
684 3443 776 3512 firerit
796 3443 848 3512 vel
877 3441 951 3548 post
969 3445 1044 3512 anni
1070 3443 1170 3512 curri·

286 3573 312 3615 „
326 3533 434 3602 culum
460 3554 696 3609 amoveantur,
718 3531 769 3598 vel
796 3529 817 3597 ii
841 3532 928 3602 utiles
950 3533 1070 3601 inventi
1102 3534 1171 3600 fite-

286 3663 312 3710 „
323 3620 384 3696 tiut
400 3620 641 3696 sollicitudiuem
658 3619 789 3693 modern
807 3642 910 3716 gerere
922 3623 1171 3779 permittangr’i

1112 3726 1167 3779 um

45 1485 47 1488 ’
97 1503 208 1558 omnio
227 1501 272 1554 bo·
338 1497 507 1582 Quantum
529 1485 571 1564 ad
591 1495 796 1578 dirediionem
814 1496 941 1564 Domias
960 1503 992 1562 δι
1011 1499 1179 1568 bonorum
1262 1513 1264 1596 '¹

973 1674 1042 1742 'diae
1060 1674 1177 1744 domita
1264 1669 1265 1680 ’
