2618 4396
296 365 524 448 camere·
558 377 814 445 crescens·
934 371 1000 462 279

116 459 194 530 tifex
225 467 424 555 approbabat
450 464 608 536 Ordinem
638 465 670 530 in
695 458 854 554 Hospitali
870 459 1005 529 univer·-
1071 449 1168 542 Aan

107 546 214 704 piculi
250 551 456 632 institutum,
490 555 607 642 quique
642 553 802 644 Legatum
837 571 928 644 agens
961 551 1004 619 ad
1073 547 1171 626 ¹25⁶·

146 639 275 710 lestores
295 641 422 734 Imperii
434 644 642 734 Antverpiam
654 638 803 709 transiens
811 661 896 706 anno
912 659 1005 722 1252.
1054 677 1055 682 κ

77 795 80 802 .
115 725 231 808 ibidem
261 732 419 822 Diploma
451 732 577 800 dederat
597 732 630 798 in
652 733 799 798 favorem
824 727 1003 819 Leprosarii
1094 791 1096 796 ,

113 815 338 900 Bruxellenlis,
361 821 450 912 quod
471 823 601 890 refertur
624 822 716 914 Drpl.
737 819 825 910 Belg.
839 819 1005 886 Tormlll.

114 908 272 1012 Part-JV·
294 917 370 1004 Cap.
387 931 439 996 51·
616 997 624 1013 ,
1052 937 1173 1008 nostran

158 995 292 1067 Obtrnet
319 999 383 1068 hoc
413 1022 498 1068 anno
519 996 685 1092 Hosprtale
707 998 748 1064 ab
772 997 1000 1090 Arsxnuono
1027 1009 1197 1080 conceduntur

112 1077 169 1150 lv.
193 1088 396 1180 privilegium
422 1088 478 1158 seu
524 1087 605 1156 otius
631 1083 907 1156 confirmationem
925 1083 1001 1178 pos-
1022 1069 1199 1184 ffjfgffiiffi·

111 1167 247 1244 seffionis
288 1179 480 1269 percipiendi
537 1179 651 1246 ecimas
677 1175 860 1244 Novalium
889 1175 1001 1243 inillis
1024 1194 1181 1250 berveteres.
1264 1217 1266 1222 ·

108 1258 273 1332 Parochiis
294 1305 308 1344 ,
340 1265 372 1331 in
407 1269 520 1354 quibus
549 1266 685 1338 habebat
706 1282 823 1331 veteres
841 1287 897 1354 per
918 1261 1000 1334 hanc

112 1349 240 1421 Bullam
263 1395 277 1431 ,
299 1377 396 1440 quam
420 1379 459 1423 ex
483 1355 531 1422 ori
554 1354 625 1423 inali
648 1351 816 1445 subjungo.
1035 1401 1191 1451 Mhi&

153 1480 181 1518 „
194 1443 482 1516 ALEXANDER
541 1441 689 1536 piscopus
709 1441 813 1511 servus
831 1440 1000 1512 servorum
1023 1466 1151 1533 Hospitalis.

108 1566 134 1606 „
148 1528 210 1596 Dei
236 1532 353 1602 dilectis
374 1533 406 1601 iu
434 1531 563 1601 Christo
577 1532 757 1600 Filiabus..
771 1582 781 1600 .
803 1531 953 1626 Magistre
967 1540 1002 1606 dt

107 1617 314 1698 „Sororibus
339 1621 511 1712 Hospitalis
530 1625 619 1692 beate
638 1622 742 1690 Marie
763 1621 797 1689 in'¹
815 1624 1000 1714 Anuverpia

106 1707 278 1784 „Ordinis
306 1708 340 1778 S.
361 1712 413 1778 Au
434 1711 524 1788 ustini
544 1707 775 1778 Cameracensis
802 1707 931 1778 diocesis
951 1711 1000 1779 sa·

105 1834 131 1875 „
146 1796 246 1864 lutem
270 1805 303 1867 δι
329 1801 358 1865 Α
383 1733 548 1868 odolicam
561 1798 822 1866 benedidiionem.

153 1889 281 1964 „Cum
303 1822 444 1958 arlobis
466 1889 582 1980 petitur
604 1928 616 1966 ,
648 1886 735 1974 quod
759 1884 883 1974 justum¹
898 1884 951 1954 est·
967 1892 1001 1956 δι

105 1972 350 2055 „honestum,
385 1996 451 2044 tam
482 1977 577 2068 vigor
608 1975 775 2064 equitatis,
796 1975 892 2062 quim
915 1975 1001 2044 ordo

105 2103 130 2141 „
143 2066 193 2131 exi
215 2067 239 2133 it
264 2065 391 2146 rationis
416 2109 428 2145 ,
463 2085 500 2136 ut
517 2066 552 2134 id
598 2089 630 2132 er
648 2062 890 2132 sollicitudinem
903 2061 1003 2138 officii

106 2087 243 2232 „nolin
269 2156 310 2224 ad
335 2155 478 2225 debitum
502 2178 541 2248 pr
588 2173 698 2224 ucatur
720 2147 883 2222 effectum.

151 2245 297 2336 „Eapro
323 2249 367 2314 ter
408 2245 519 2316 diledle
556 2246 589 2314 in
621 2246 769 2313 Domino
793 2243 868 2312 Filie
891 2243 999 2314 vestris

103 2329 228 2418 „justis
253 2269 516 2424 pollulationibus
540 2356 630 2426 grato
652 2353 873 2402 concurrentes
898 2332 1001 2407 alsen-

101 2460 130 2499 „
142 2421 180 2489 su
204 2423 431 2508 „audioritate
450 2423 543 2490 vobis
565 2421 753 2514 presentium
776 2420 1000 2526 indulgemus,

101 2528 179 2588 „ut
202 2511 234 2578 in
254 2510 412 2582 Parochiis
433 2510 572 2591 vestris,
605 2511 639 2578 in
660 2513 772 2602 quibus
794 2513 887 2580 vobrs
910 2529 998 2580 vete-
1109 2514 1113 2522 '

103 2639 129 2677 „
139 2623 187 2670 res
222 2601 345 2670 decime
377 2601 449 2672 sunt
467 2599 609 2674 concesse
632 2643 646 2682 ,
675 2625 736 2696 pro
759 2599 796 2672 ed
814 2603 997 2694 portione,

101 2713 211 2776 „qua
230 2711 347 2761 veteres
382 2715 444 2762 vos
465 2693 653 2783 contingunt
678 2734 690 2770 ,
723 2692 889 2760 novalium
913 2692 998 2762 deci-

101 2801 214 2858 „mas
239 2821 253 2860 ,
285 2783 325 2848 de
355 2782 469 2868 quibus
495 2777 644 2848 hauenus
666 2780 775 2868 aliquis
799 2801 867 2844 non
890 2801 998 2870 perce-

99 2869 220 2960 „pltp
279 2869 414 2958 esclpese
433 2867 593 2942 valeatis„

148 2889 283 3037 „Nulli
316 2979 393 3051 ergo
427 2955 563 3023 omnino
599 2953 770 3026 hominum
798 2953 886 3023 liceat
916 2953 999 3024 hanc

31 3069 32 3072 ’
99 3070 184 3140 „pa
205 3048 293 3116 inam
325 3043 432 3116 nostre
466 3037 670 3116 concessionis
704 3044 868 3138 infringere
893 3045 945 3114 vel
967 3047 997 3114 ci

99 3178 126 3217 „
142 3067 222 3207 aule
257 3137 424 3207 temerario
446 3135 610 3206 contraire.
660 3132 691 3204 Si
712 3135 780 3225 quis
800 3155 909 3208 autem
932 3135 997 3206 hoc

98 3243 328 3319 „attemptare
355 3224 555 3320 presumserit
578 3223 825 3317 indignationem
844 3226 934 3293 omni
959 3249 999 3292 o·
1037 3232 1040 3238 '

98 3357 124 3396 „
139 3317 230 3384 tentis
258 3318 321 3384 Dei
342 3323 375 3386 δι
399 3318 569 3386 beatorum
588 3315 671 3383 Petri
697 3321 731 3382 8c
751 3313 842 3384 Pauli
856 3248 999 3412 Apulo,

97 3446 124 3485 „
134 3403 247 3472 lorum
269 3405 335 3494 ejus
361 3404 392 3474 se
419 3406 546 3475 noverit
567 3401 779 3474 incursurum.
1071 3483 1074 3492 Α

144 3493 308 3572 „Datum
333 3495 475 3587 Anagnia
496 3493 603 3564 Idibus
627 3489 999 3571 ouobnseonuficatts

98 3581 234 3664 „nostri
255 3605 340 3652 anno
364 3584 515 3654 secundo·
1032 3615 1185 3670 neman,

337 3675 596 3754 „ALEXANDER
617 3674 680 3743 ppo
702 3673 761 3746 IV·
1019 3679 1172 3733 &meh

145 3758 251 3831 Simile
281 3762 488 3856 privilegien
515 3781 594 3921 Saare
618 3762 701 3836 duos
730 3784 830 3835 annos
853 3760 1000 3838 obtinue-

559 3871 584 3944 4
949 3861 999 3916 rat
