2576 4386
273 379 818 450 errrrssoerrserrs
913 388 978 538 ²3?
1045 383 1145 455 Anno

92 469 244 542 Lovanii
264 467 400 548 scilicet,
423 492 491 538 rece
514 467 536 537 ti
562 488 648 538 erant
668 492 753 539 anno
775 467 869 556 hujus
888 467 982 538 secui
1050 477 1148 566 1238·

92 556 261 650 trigesrmo
281 558 406 636 tertio,
439 491 522 628 unde
544 565 577 626 δι
599 583 637 626 ex
661 559 884 630 remotioribus
906 557 983 626 locis
1062 624 1067 636 ,
1102 626 1108 638 ,
1148 629 1175 652 ,1

92 651 309 740 Antverpiam
334 645 523 736 quandoque
549 643 776 727 visitaverant,
807 645 985 734 ibidemque
1003 629 1175 755 gcff‘ffip‘f'*

94 736 240 806 odorem
260 735 354 806 suum
374 734 556 826 sparserant.
1003 756 1044 817 ca,
1061 762 1113 814 1⁸7.
1247 739 1251 750 '

144 813 303 896 (senonici
324 825 468 907 interim,
490 823 607 894 honori
627 821 773 895 Ecclesiae
790 822 854 896 suar
876 824 1026 929 proui-C
1091 879 1144 893 ...

92 913 176 982 'dere
197 913 336 982 volentes
360 955 373 994 ,
407 937 492 1006 opus
512 909 577 985 hoc
603 914 672 984 else
696 913 767 1007 ipsrs
794 916 986 1006 inceperunt.
1005 893 1177 992 «ᾞῖζὲῗῖ

93 1001 341 1073 Considerantes
373 1004 458 1072 enim
489 1005 523 1071 in
554 1022 678 1073 tantum
699 1003 814 1072 reditus
834 1003 909 1073 suos
932 1028 987 1071 ex·
1006 1008 1099 1054 tionem
1120 1009 1178 1058 ‘w

93 1089 232 1162 crevisse
263 1135 275 1172 ,
322 1109 357 1162 ut
390 1093 534 1182 quaelibet
572 1092 740 1162 Praebenda
771 1088 927 1161 sufficeret
945 1091 987 1160 ad
1004 1067 1148 1156 penderem.
1240 1109 1242 1116 ’

97 1181 241 1249 duarum
268 1180 472 1272 personarum
505 1181 669 1251 honestam
702 1179 988 1262 sustentationem,

96 1287 318 1361 conceperunt
345 1268 523 1338 senionem
550 1269 793 1340 Praebendarum
820 1268 949 1337 suarum
973 1311 988 1349 ,

96 1355 147 1426 src
183 1377 219 1426 ut
241 1355 314 1447 post
334 1376 473 1426 mortem
495 1357 589 1448 cujus
605 1382 644 1427 ue
665 1358 821 1427 Canonici
843 1357 987 1445 succede-

96 1464 174 1514 rent
194 1444 261 1514 duo
284 1471 299 1524 3
330 1469 467 1536 cumque
486 1446 552 1537 jam
571 1473 588 1515 e
615 1465 667 1515 ent
684 1447 886 1528 duodecim,
937 1442 987 1514 ost

98 1534 232 1624 obitum
256 1536 405 1604 omnium
432 1537 537 1604 forent
566 1537 677 1629 viginti
699 1554 869 1623 quatuor,
927 1558 987 1605 rae·

98 1619 244 1716 pofiturr
267 1643 411 1692 manente
432 1625 465 1694 iri
489 1623 547 1696 sud
565 1624 745 1718 integritate.

149 1711 196 1780 Ut
231 1729 337 1780 autem
390 1714 436 1782 ius
467 1710 520 1780 hic
551 1733 720 1805 conceptus
750 1714 792 1782 ad
812 1712 986 1806 legitimum
1054 1732 1148 1800 1240.

97 1798 269 1868 ⁴duceretur
288 1735 436 1870 elusim
457 1841 470 1880 ,
494 1807 637 1895 Journes
659 1799 697 1868 de
718 1807 795 1870 Cras
814 1800 882 1868 hem
902 1802 988 1869 l’rae·
1176 1866 1179 1874 ,

99 1884 227 1981 posrtus
254 1889 494 1979 &Capitulum
513 1889 703 1978 deputarunt
724 1889 765 1956 ad
788 1825 988 1986 Episcopum
1007 1859 1178 1994 gpfsssssg‘ffsu'

99 1975 366 2044 cameracensem
390 1977 451 2042 Ma
472 1972 581 2043 istrum
603 1980 778 2043 Henricum
800 1980 814 2062 ζ
826 1976 990 2043 verosimi-

99 2063 175 2133 liter
208 2062 297 2153 Nose
317 2105 330 2141 ‚
352 2064 407 2154 qui
456 2063 577 2154 einceps
598 2063 720 2153 primus
740 2064 800 2130 fuit
820 2060 989 2150 Decanus)

103 2152 395 2232 concanonicum,
430 2171 466 2220 ut
496 2147 659 2243 propositi
689 2150 859 2226 intentione
892 2150 991 2242 Capi-

104 2239 167 2308 tuli
189 2241 407 2311 &rationibus
430 2239 647 2309 inducentibus
672 2239 856 2308 consensum
878 2237 942 2328 ejus
958 2238 991 2306 in

106 2326 293 2417 hujusmodi
316 2327 503 2396 divisionem
523 2348 670 2420 peterent.
704 2329 880 2421 Episcopus
901 2327 991 2397 audi·

106 2418 146 2485 tis
198 2421 230 2482 &
267 2417 404 2506 probatis
433 2417 604 2484 rationibus
642 2417 826 2484 consensum
861 2415 992 2508 benigni·

134 2503 277 2581 raebuit,
313 2509 346 2570 δε
373 2503 502 2596 desuper
530 2504 662 2573 Litteras
686 2503 770 2572 dedit
790 2528 873 2571 anno
896 2502 991 2573 seculi

106 2529 205 2680 liujus
229 2588 466 2686 quadragesimo
490 2635 502 2672 ,
534 2616 609 2682 quas
628 2593 720 2661 refert
742 2593 874 2664 Miraeus
897 2595 990 2690 Dipl.

110 2683 198 2772 Belg.
227 2683 313 2749 Tam.
336 2687 365 2751 I.
401 2685 492 2772 Pag⁸⁴
509 2684 581 2768 580.
593 2725 605 2761 ,
626 2682 709 2750 unde
728 2683 793 2752 illas
816 2683 986 2777 subjungo.
1173 2763 1175 2767 ⁸

154 2768 339 2848 „GUlDO
366 2771 427 2838 Dei
449 2770 546 2860 gratid
564 2769 794 2838 Cameracensis
813 2772 990 2861 Episcopus
1027 2777 1183 2838 Litteraeeius

108 2900 135 2939 „
149 2857 269 2924 dilectis
301 2853 369 2923 filiis
404 2857 540 2936 Joauur
566 2855 740 2945 Praeposrto
759 2858 877 2941 totique
895 2857 995 2947 Capi·
1015 2842 1124 2906 desuper.

110 2943 219 3028 „tulo
256 2945 355 3012 beatae
383 2943 498 3011 Mariae
535 2943 568 3012 in
604 2943 785 3033 Antwerpia
806 2941 937 3010 salutem
962 2942 996 3010 in

111 3076 138 3115 ῃ
152 3031 310 3101 Domino.
432 3061 436 3068 '

155 3118 390 3204 „Constitutus
429 3119 461 3186 in
509 3118 669 3212 praesenria
707 3116 811 3188 nostra
846 3117 997 3214 Magister

111 3253 137 3292 ,‚
150 3215 308 3279 Henricus
354 3209 585 3280 concanonicus
621 3207 720 3278 vester
758 3233 821 3302 pro
858 3208 996 3279 Ecclesia

113 3339 140 3378 ,‚
151 3295 273 3378 vestra,
304 3297 417 3367 habens
440 3295 475 3365 su
499 3322 530 3365 er
552 3297 615 3368 hoc
636 3297 767 3389 speciale
786 3297 972 3366 mandatum
983 3341 996 3379 ,

115 3385 259 3467 „Nobis
283 3383 439 3456 humiliter
479 3385 683 3478 applicavit,
717 3384 805 3472 quod
827 3408 903 3454 cum
921 3386 1019 3458 inter.

113 3496 212 3555 „vos
257 3496 294 3539 ro
315 3473 441 3544 utilitate
467 3469 613 3544 Ecclesiae
634 3471 743 3552 vestrae
765 3479 798 3542 δι
819 3472 999 3566 ampliatio·

114 3585 192 3644 „ne
214 3495 325 3631 (iirltlrs
347 3563 445 3631 divini
465 3561 601 3655 providd
622 3563 789 3632 naussum
801 3564 999 3643 suerit,una-

117 3693 141 3731 „
152 3650 335 3739 nimiterque
367 3650 551 3721 consensum
577 3651 670 3748 super
694 3649 836 3722 Sefflone
857 3653 1001 3722 Praeben·

117 3739 270 3823 odarum
290 3740 324 3810 in
346 3736 480 3812 Ecclesra
501 3739 602 3827 vestra
635 3784 650 3822 ,
692 3737 769 3814 srcut
789 3765 839 3814 eas
860 3744 893 3812 in
914 3745 1002 3810 futu-

883 3851 999 3910 „rull
