2576 4386
148 247 150 254 ,
263 189 328 262 228
514 185 904 262 husteten·

112 274 211 346 'Anno

121 385 214 454 1235.

71 457 191 505 chticus
213 453 245 504 11.

72 516 191 569 Maenio.

106 1237 232 1292 Benefacit

76 1307 141 1360 nbb.
150 1301 246 1356 SMich.

309 276 393 348 Pani
415 276 448 346 in
470 275 697 346 Moschionatu
712 275 849 348 succeffit
867 265 1155 358 HENRICUSih

265 369 343 456 Dux
378 365 597 460 Lothatingiae
619 374 652 435 &
670 369 856 438 Brabantiae.
882 371 984 440 Duxit
1003 370 1057 441 hie
1085 377 1156 466 pri-
1266 371 1267 458 s

267 453 325 527 mb
365 461 518 526 Mariam
559 451 657 523 filiam
687 455 826 549 Philipi
857 457 1090 549 imperatoris,
1113 481 1156 532 est
1266 481 1267 484 ’

266 545 329 636 ¹qui
352 544 462 614 habuit
483 549 659 613 Henricm
680 544 770 614 succe
797 569 917 626 orem,
939 547 1128 619 Mathiidim
1140 590 1155 632 ,
1266 547 1267 560 ¹

266 636 407 704 Mariam
436 675 448 714 ‚
493 634 667 702 Beatricem
707 641 739 702 &
768 636 992 728 Margaretam.
1028 640 1154 708 Deinde

265 748 352 792 anno
385 722 480 792 seculi
508 721 600 812 hujus
632 722 733 810 quadr
774 721 872 792 estmo
897 725 988 794 duxit
1005 726 1153 820 Sophiam

266 810 366 881 filiam
398 810 430 880 S.
464 810 656 880 Elizabenlae
698 819 731 880 δι
794 814 923 882 udovici
968 815 1154 908 Lantgravii

266 901 452 993 Thuringiae
476 895 666 988 Hashaeque.
697 902 748 969 Ex
768 901 831 990 qud
849 901 960 971 habuit
977 909 1154 974 Henritum

267 991 391 1072 dissum
415 991 663 1069 Brabantinum‚
685 991 739 1078 qui
761 989 829 1079 jure
850 1011 993 1060 materno
1015 993 1153 1062 obtinuit

266 1073 432 1148 Ducatum
469 1074 618 1157 Haffiae,
653 1100 788 1167 cumque
815 1079 857 1148 ad
889 1079 1029 1172 postetos
1055 1079 1155 1169 usque

266 1170 300 1237 in
326 1168 516 1236 hodiernum
542 1168 627 1235 diem
646 1165 820 1236 transmitit.

273 1337 276 1344 Ι
313 1259 459 1360 Princeps
484 1255 534 1332 hic
556 1257 612 1323 vix
638 1257 722 1324 Pani
746 1255 961 1338 successerat,
992 1258 1071 1348 quin
1096 1282 1156 1352 pa«

269 1347 323 1416 tris
355 1345 483 1438 vestigia
539 1367 658 1413 remens
692 1341 839 1416 Ecclefiae
856 1345 1090 1440 'Antverpienst
1124 1347 1156 1416 se

269 1432 461 1508 munificum
546 1436 641 1503 'beret
661 1457 671 1502 ε
692 1432 831 1503 secundo
857 1437 941 1504 enim
960 1437 1069 1504 mense
1085 1435 1157 1528 post

190 1581 193 1585 .
271 1525 438 1593 obtentum
457 1523 675 1628 Principatum
695 1524 885 1615 Antvetpiae·
897 1522 1026 1594 existens
1050 1528 1159 1594 Abba-

109 1862 173 1906 Item
191 1847 252 1904 Hos·

80 1920 155 1988 pinli.

270 1616 322 1698 tiae
363 1610 395 1680 S.
417 1610 583 1680 Michadhs
619 1612 790 1680 libertatem
825 1611 924 1683 donat
956 1611 1157 1683 construendi

270 1724 384 1791 muros
418 1698 497 1770 circi
532 1701 688 1782 ambitum
726 1698 862 1768 Claustri
899 1742 912 1782 ‚
963 1703 1157 1790 ubicumque

271 1791 396 1860 vellent.
440 1788 591 1860 sanderus
619 1787 708 1858 Cher.
733 1796 804 1856 Sac.
823 1795 857 1858 S.
869 1789 981 1860 Mich.
1006 1807 1077 1886 cap.
1100 1795 1158 1859 IV.

317 1878 474 1970 Hospitaii
496 1876 684 1948 beneficium
706 1878 826 1946 confert
847 1880 963 1946 eodem
982 1898 1159 1982 tempore,

273 1966 351 2037 sicut
382 1975 414 2036 δε
448 1989 533 2034 anno
562 1965 734 2058 sequenti,
768 1983 804 2036 ut
841 1985 927 2059 patet
959 1991 998 2036 ex
1026 1967 1074 2035 his
1093 1967 1157 2057 ejus

152 2077 153 2082 ’
273 2057 507 2150 diplomatibus.

191 2191 193 2194 -
318 2189 343 2226 ,‚
356 2144 588 2215 HENRICUS
609 2143 670 2212 Dei
695 2141 794 2236 gratis
815 2142 893 2212 Dux
910 2144 1009 2213 Loth.
1032 2143 1161 2212 univer·

98 2401 132 2447 Ex
140 2396 253 2446 Archivit

83 2464 212 2527 Hospitalis.

138 3327 233 3410 ¹23⁶·

88 3473 95 3494 ¹
108 3475 142 3520 Ex
151 3468 263 3520 musivo

90 3537 216 3601 nossemus.

273 2278 297 2317 „
309 2233 378 2315 s1s,
413 2235 524 2322 quibus
558 2234 694 2301 Litteras
728 2231 784 2300 has
813 2232 919 2302 videre
951 2233 1117 2324 contigerit
1144 2273 1159 2312 ,

272 2322 450 2407 „salutem
616 2329 618 2336 ‘

322 2454 347 2494 ‚‚
362 2412 523 2480 Noveritis
544 2453 556 2490 ‚
578 2409 669 2498 quod
690 2431 750 2476 nos
770 2407 928 2502 Hospitali
943 2411 1162 2502 Antwerpien-

278 2499 337 2583 „fi
368 2502 467 2568 divini
489 2501 615 2578 ¹amoris
649 2499 765 2567 intuitu
803 2499 993 2568 contulimus
1024 2519 1162 2588 quatuor

278 2591 441 2670 „bonaria
472 2610 567 2656 novae
589 2606 677 2655 terrae
698 2629 710 2665 ,
744 2587 777 2653 in
795 2586 947 2656 Perochia
967 2589 1005 2654 de
1027 2587 1163 2674 Sambo-

277 2719 303 2760 ,‚
315 2698 377 2742 ven
401 2671 456 2743 fita
477 2716 490 2756 ,
521 2675 618 2742 libera
634 2677 674 2742 ab
699 2676 790 2742 omni
809 2675 901 2744 censu
918 2673 1068 2768 perpensb
1084 2675 1160 2766 pos-

279 2760 451 2869 „stdendn
487 2762 595 2831 Testes
621 2761 771 2857 Magister
790 2764 953 2867 ⁸Walterus
970 2763 1010 2830 de
1034 2763 1122 2852 Lyra
1142 2798 1162 2867 ἕ

278 2853 563 3036 ;;
580 2851 925 3045 snmus
947 2850 1163 3009 nim

280 3073 305 3112 ,‚
315 3031 370 3098 has
379 3028 634 3133 Limenasnostms
644 3049 781 3122 patentes
790 3055 815 3132 et
830 3029 1031 3132 contulimus.
1043 3029 1162 3096 Asium

279 3119 805 3290 :zhsnusmsssnfl
826 3119 957 3187 Mum
982 3138 1067 3184 u
1090 3117 1163 3228 ”s

327 3337 352 3376 „
364 3290 594 3362 HENRICUS
616 3291 678 3360 Dei
702 3290 800 3386 gratini
821 3294 901 3361 Dux
922 3293 1022 3362 Loth.
1038 3295 1166 3362 univer-

283 3381 355 3464 „fis
390 3403 458 3454 tum
492 3381 682 3476 presentibus
715 3402 812 3468 quam
834 3383 946 3450 futuris
975 3382 1108 3451 salutem
1134 3387 1166 3452 δε

282 3493 415 3551 „omne
443 3475 577 3540 bonum.
763 3489 765 3496 ·

281 3626 286 3641 ‚
326 3559 489 3638 „Notum
526 3558 618 3628 vobis
647 3559 820 3638 facimus,
865 3558 956 3646 quod
988 3556 1063 3628 Nos
1104 3579 1167 3650 pro

950 3684 956 3693 ·
1116 3666 1172 3714 au·
