<?xml version="1.0" encoding="UTF-8"?>
<!DOCTYPE html PUBLIC "-//W3C//DTD XHTML 1.0 Transitional//EN"
    "http://www.w3.org/TR/xhtml1/DTD/xhtml1-transitional.dtd">
<html xmlns="http://www.w3.org/1999/xhtml" xml:lang="en" lang="en">
 <head>
  <title>
</title>
<meta http-equiv="Content-Type" content="text/html;charset=utf-8" />
  <meta name='ocr-system' content='tesseract 3.04.00' />
  <meta name='ocr-capabilities' content='ocr_page ocr_carea ocr_par ocr_line ocrx_word'/>
</head>
<body>
  <div class='ocr_page' id='page_1' title='image "./antverpiachrist02diergoog_0322.png"; bbox 0 0 2618 4396; ppageno 0'>
   <div class='ocr_carea' id='block_1_1' title="bbox 121 221 1227 2010">
    <p class='ocr_par' dir='ltr' id='par_1_1' title="bbox 315 221 1032 312">
     <span class='ocr_line' id='line_1_1' title="bbox 315 221 1032 312; baseline 0 -19"><span class='ocrx_word' id='word_1_1' title='bbox 315 221 552 294; x_wconf 72' lang='lat' dir='ltr'>Cuursto</span> <span class='ocrx_word' id='word_1_2' title='bbox 586 225 863 296; x_wconf 65' lang='lat' dir='ltr'>annianus.</span> <span class='ocrx_word' id='word_1_3' title='bbox 966 228 1032 312; x_wconf 80' lang='lat'>&#39;295</span> 
     </span>
    </p>

    <p class='ocr_par' dir='ltr' id='par_1_2' title="bbox 121 309 1227 1222">
     <span class='ocr_line' id='line_1_2' title="bbox 184 309 1199 408; baseline -0.006 -24"><span class='ocrx_word' id='word_1_4' title='bbox 184 311 283 384; x_wconf 80' lang='lat' dir='ltr'>Nota</span> <span class='ocrx_word' id='word_1_5' title='bbox 304 335 315 382; x_wconf 78' lang='lat' dir='ltr'>t</span> <span class='ocrx_word' id='word_1_6' title='bbox 334 313 440 383; x_wconf 86' lang='lat' dir='ltr'>Praxis</span> <span class='ocrx_word' id='word_1_7' title='bbox 474 311 536 382; x_wconf 79' lang='lat' dir='ltr'>aevi</span> <span class='ocrx_word' id='word_1_8' title='bbox 554 310 722 399; x_wconf 88' lang='lat' dir='ltr'>habebat,</span> <span class='ocrx_word' id='word_1_9' title='bbox 757 315 848 401; x_wconf 88' lang='lat' dir='ltr'>quod</span> <span class='ocrx_word' id='word_1_10' title='bbox 867 309 1034 408; x_wconf 65' lang='lat' dir='ltr'>tellemen-</span> <span class='ocrx_word' id='word_1_11' title='bbox 1099 309 1199 379; x_wconf 83' lang='lat' dir='ltr'>Anno</span> 
     </span>
     <span class='ocr_line' id='line_1_3' title="bbox 123 399 1200 496; baseline -0.002 -22"><span class='ocrx_word' id='word_1_12' title='bbox 123 417 168 474; x_wconf 83' lang='lat' dir='ltr'>ta</span> <span class='ocrx_word' id='word_1_13' title='bbox 212 399 327 473; x_wconf 88' lang='lat' dir='ltr'>confici</span> <span class='ocrx_word' id='word_1_14' title='bbox 361 403 508 472; x_wconf 89' lang='lat' dir='ltr'>deberent</span> <span class='ocrx_word' id='word_1_15' title='bbox 539 425 648 472; x_wconf 88' lang='lat' dir='ltr'>coram</span> <span class='ocrx_word' id='word_1_16' title='bbox 679 403 815 496; x_wconf 92' lang='lat' dir='ltr'>proprio</span> <span class='ocrx_word' id='word_1_17' title='bbox 836 401 1034 484; x_wconf 83' lang='lat' dir='ltr'><strong>Sacerdote,</strong></span> <span class='ocrx_word' id='word_1_18' title='bbox 1104 411 1200 472; x_wconf 85' lang='lat'><em>1262.</em></span> 
     </span>
     <span class='ocr_line' id='line_1_4' title="bbox 126 490 1031 583; baseline 0 -22"><span class='ocrx_word' id='word_1_19' title='bbox 126 492 171 570; x_wconf 86' lang='lat' dir='ltr'>id</span> <span class='ocrx_word' id='word_1_20' title='bbox 205 491 249 561; x_wconf 88' lang='lat' dir='ltr'>est</span> <span class='ocrx_word' id='word_1_21' title='bbox 275 535 288 574; x_wconf 88' lang='lat'><strong><em>,</em></strong></span> <span class='ocrx_word' id='word_1_22' title='bbox 323 491 471 562; x_wconf 87' lang='lat' dir='ltr'>Parocho</span> <span class='ocrx_word' id='word_1_23' title='bbox 504 493 556 561; x_wconf 89' lang='lat' dir='ltr'>vel</span> <span class='ocrx_word' id='word_1_24' title='bbox 578 490 686 561; x_wconf 88' lang='lat' dir='ltr'>saltem</span> <span class='ocrx_word' id='word_1_25' title='bbox 722 491 762 559; x_wconf 87' lang='lat' dir='ltr'>de</span> <span class='ocrx_word' id='word_1_26' title='bbox 784 490 941 560; x_wconf 86' lang='lat' dir='ltr'>consensu</span> <span class='ocrx_word' id='word_1_27' title='bbox 965 493 1031 583; x_wconf 85' lang='lat' dir='ltr'>ejus</span> 
     </span>
     <span class='ocr_line' id='line_1_5' title="bbox 125 578 1226 682; baseline -0.001 -32"><span class='ocrx_word' id='word_1_28' title='bbox 125 603 255 652; x_wconf 88' lang='lat' dir='ltr'>coram</span> <span class='ocrx_word' id='word_1_29' title='bbox 281 583 344 652; x_wconf 85' lang='lat' dir='ltr'>alio</span> <span class='ocrx_word' id='word_1_30' title='bbox 366 578 568 651; x_wconf 83' lang='lat' dir='ltr'>ecclefiastico</span> <span class='ocrx_word' id='word_1_31' title='bbox 591 587 657 660; x_wconf 82' lang='lat'>3&amp;</span> <span class='ocrx_word' id='word_1_32' title='bbox 679 581 765 650; x_wconf 84' lang='lat' dir='ltr'>aliter</span> <span class='ocrx_word' id='word_1_33' title='bbox 782 581 864 649; x_wconf 64' lang='lat' dir='ltr'>fabia</span> <span class='ocrx_word' id='word_1_34' title='bbox 885 582 1031 672; x_wconf 83' lang='lat' dir='ltr'>vigorem</span> <span class='ocrx_word' id='word_1_35' title='bbox 1072 627 1226 682; x_wconf 67' lang='lat' dir='ltr'>retamenta</span> 
     </span>
     <span class='ocr_line' id='line_1_6' title="bbox 125 669 1209 760; baseline 0.005 -21"><span class='ocrx_word' id='word_1_36' title='bbox 125 692 208 740; x_wconf 87' lang='lat' dir='ltr'>non</span> <span class='ocrx_word' id='word_1_37' title='bbox 235 671 402 742; x_wconf 83' lang='lat' dir='ltr'>habebant.</span> <span class='ocrx_word' id='word_1_38' title='bbox 437 670 484 740; x_wconf 86' lang='lat' dir='ltr'>Ita</span> <span class='ocrx_word' id='word_1_39' title='bbox 503 669 656 741; x_wconf 86' lang='lat' dir='ltr'>statutum</span> <span class='ocrx_word' id='word_1_40' title='bbox 670 670 818 739; x_wconf 88' lang='lat' dir='ltr'>videmus</span> <span class='ocrx_word' id='word_1_41' title='bbox 832 671 865 736; x_wconf 91' lang='lat' dir='ltr'>in</span> <span class='ocrx_word' id='word_1_42' title='bbox 877 670 1029 739; x_wconf 87' lang='lat' dir='ltr'>Concilio</span> <span class='ocrx_word' id='word_1_43' title='bbox 1052 707 1133 756; x_wconf 70' lang='lat' dir='ltr'>eoram</span> <span class='ocrx_word' id='word_1_44' title='bbox 1153 709 1209 760; x_wconf 74' lang='lat' dir='ltr'>pro-</span> 
     </span>
     <span class='ocr_line' id='line_1_7' title="bbox 126 757 1227 874; baseline 0 -47"><span class='ocrx_word' id='word_1_45' title='bbox 126 757 308 829; x_wconf 85' lang='lat' dir='ltr'>Tolosano</span> <span class='ocrx_word' id='word_1_46' title='bbox 343 762 498 832; x_wconf 89' lang='lat' dir='ltr'>celebrato</span> <span class='ocrx_word' id='word_1_47' title='bbox 521 783 606 830; x_wconf 88' lang='lat' dir='ltr'>anno</span> <span class='ocrx_word' id='word_1_48' title='bbox 632 781 725 843; x_wconf 85' lang='lat'>1229.</span> <span class='ocrx_word' id='word_1_49' title='bbox 753 781 823 852; x_wconf 88' lang='lat' dir='ltr'>cap.</span> <span class='ocrx_word' id='word_1_50' title='bbox 856 757 946 826; x_wconf 87' lang='lat' dir='ltr'><strong>XVI.</strong></span> <span class='ocrx_word' id='word_1_51' title='bbox 990 760 1035 827; x_wconf 88' lang='lat' dir='ltr'>Et</span> <span class='ocrx_word' id='word_1_52' title='bbox 1051 757 1227 874; x_wconf 62' lang='lat' dir='ltr'>prosecuto·</span> 
     </span>
     <span class='ocr_line' id='line_1_8' title="bbox 121 833 1086 942; baseline -0.001 -26"><span class='ocrx_word' id='word_1_53' title='bbox 121 852 240 942; x_wconf 83' lang='lat' dir='ltr'><strong>praxis</strong></span> <span class='ocrx_word' id='word_1_54' title='bbox 272 849 343 921; x_wconf 80' lang='lat' dir='ltr'>haec</span> <span class='ocrx_word' id='word_1_55' title='bbox 377 850 433 919; x_wconf 88' lang='lat' dir='ltr'>diu</span> <span class='ocrx_word' id='word_1_56' title='bbox 467 850 592 919; x_wconf 85' lang='lat' dir='ltr'>duravit</span> <span class='ocrx_word' id='word_1_57' title='bbox 640 873 650 918; x_wconf 77' lang='grc' dir='ltr'><strong>ε</strong></span> <span class='ocrx_word' id='word_1_58' title='bbox 715 849 818 918; x_wconf 86' lang='lat' dir='ltr'>idem·</span> <span class='ocrx_word' id='word_1_59' title='bbox 838 849 924 916; x_wconf 89' lang='lat' dir='ltr'>enim</span> <span class='ocrx_word' id='word_1_60' title='bbox 958 847 1031 940; x_wconf 87' lang='lat' dir='ltr'>post</span> <span class='ocrx_word' id='word_1_61' title='bbox 1064 833 1086 876; x_wconf 46' lang='grc' dir='ltr'>ς·</span> 
     </span>
     <span class='ocr_line' id='line_1_9' title="bbox 127 937 1033 1032; baseline -0.002 -26"><span class='ocrx_word' id='word_1_62' title='bbox 127 939 208 1007; x_wconf 91' lang='lat' dir='ltr'>duo</span> <span class='ocrx_word' id='word_1_63' title='bbox 248 939 312 1010; x_wconf 66' lang='lat' dir='ltr'>fert</span> <span class='ocrx_word' id='word_1_64' title='bbox 339 939 443 1010; x_wconf 90' lang='lat' dir='ltr'>secula</span> <span class='ocrx_word' id='word_1_65' title='bbox 474 939 694 1032; x_wconf 71' lang='lat' dir='ltr'>praescriptum</span> <span class='ocrx_word' id='word_1_66' title='bbox 737 937 781 1007; x_wconf 91' lang='lat' dir='ltr'>est</span> <span class='ocrx_word' id='word_1_67' title='bbox 803 939 866 1007; x_wconf 89' lang='lat' dir='ltr'>FF.</span> <span class='ocrx_word' id='word_1_68' title='bbox 891 937 1033 1005; x_wconf 83' lang='lat' dir='ltr'>Minori·</span> 
     </span>
     <span class='ocr_line' id='line_1_10' title="bbox 126 1026 1030 1121; baseline 0 -25"><span class='ocrx_word' id='word_1_69' title='bbox 126 1029 199 1096; x_wconf 93' lang='lat' dir='ltr'>bus</span> <span class='ocrx_word' id='word_1_70' title='bbox 223 1029 256 1095; x_wconf 94' lang='lat' dir='ltr'>in</span> <span class='ocrx_word' id='word_1_71' title='bbox 288 1029 502 1100; x_wconf 82' lang='lat' dir='ltr'>Concordato</span> <span class='ocrx_word' id='word_1_72' title='bbox 524 1051 600 1097; x_wconf 87' lang='lat' dir='ltr'>curn</span> <span class='ocrx_word' id='word_1_73' title='bbox 624 1026 697 1121; x_wconf 79' lang='lat' dir='ltr'>ipsis</span> <span class='ocrx_word' id='word_1_74' title='bbox 718 1029 798 1096; x_wconf 90' lang='lat' dir='ltr'>inito</span> <span class='ocrx_word' id='word_1_75' title='bbox 822 1049 909 1096; x_wconf 89' lang='lat' dir='ltr'>anno</span> <span class='ocrx_word' id='word_1_76' title='bbox 934 1029 1030 1117; x_wconf 82' lang='lat'>1448.</span> 
     </span>
     <span class='ocr_line' id='line_1_11' title="bbox 127 1117 751 1222; baseline 0.003 -37"><span class='ocrx_word' id='word_1_77' title='bbox 127 1136 174 1185; x_wconf 91' lang='lat' dir='ltr'>ut</span> <span class='ocrx_word' id='word_1_78' title='bbox 195 1117 277 1188; x_wconf 72' lang='lat' dir='ltr'>inira</span> <span class='ocrx_word' id='word_1_79' title='bbox 300 1119 343 1187; x_wconf 87' lang='lat' dir='ltr'>ad</span> <span class='ocrx_word' id='word_1_80' title='bbox 360 1117 452 1186; x_wconf 91' lang='lat' dir='ltr'>illum</span> <span class='ocrx_word' id='word_1_81' title='bbox 475 1140 596 1187; x_wconf 90' lang='lat' dir='ltr'>annum</span> <span class='ocrx_word' id='word_1_82' title='bbox 622 1119 751 1222; x_wconf 85' lang='lat' dir='ltr'>patebit.</span> 
     </span>
    </p>

    <p class='ocr_par' dir='ltr' id='par_1_3' title="bbox 124 1204 1224 1668">
     <span class='ocr_line' id='line_1_12' title="bbox 182 1204 1205 1311; baseline 0.002 -37"><span class='ocrx_word' id='word_1_83' title='bbox 182 1249 208 1284; x_wconf 87' lang='lat'>‚‚</span> <span class='ocrx_word' id='word_1_84' title='bbox 221 1205 254 1274; x_wconf 82' lang='lat' dir='ltr'>Si</span> <span class='ocrx_word' id='word_1_85' title='bbox 277 1210 345 1294; x_wconf 86' lang='lat' dir='ltr'>quis</span> <span class='ocrx_word' id='word_1_86' title='bbox 374 1227 478 1274; x_wconf 87' lang='lat' dir='ltr'>autem</span> <span class='ocrx_word' id='word_1_87' title='bbox 504 1229 649 1299; x_wconf 79' lang='lat' dir='ltr'>corpons</span> <span class='ocrx_word' id='word_1_88' title='bbox 672 1206 719 1275; x_wconf 87' lang='lat' dir='ltr'>sui</span> <span class='ocrx_word' id='word_1_89' title='bbox 745 1206 868 1311; x_wconf 77' lang='lat' dir='ltr'>elegerit</span> <span class='ocrx_word' id='word_1_90' title='bbox 889 1204 1029 1299; x_wconf 87' lang='lat' dir='ltr'>sepultu-</span> <span class='ocrx_word' id='word_1_91' title='bbox 1106 1257 1137 1309; x_wconf 60' lang='grc' dir='ltr'>ο.</span> <span class='ocrx_word' id='word_1_92' title='bbox 1162 1256 1205 1308; x_wconf 42' lang='lat' dir='ltr'>qs</span> 
     </span>
     <span class='ocr_line' id='line_1_13' title="bbox 124 1273 1224 1388; baseline 0.004 -27"><span class='ocrx_word' id='word_1_93' title='bbox 124 1336 159 1376; x_wconf 86' lang='lat'>‚,</span> <span class='ocrx_word' id='word_1_94' title='bbox 175 1318 247 1363; x_wconf 88' lang='lat' dir='ltr'>ram</span> <span class='ocrx_word' id='word_1_95' title='bbox 274 1296 366 1364; x_wconf 85' lang='lat' dir='ltr'>suam</span> <span class='ocrx_word' id='word_1_96' title='bbox 394 1296 482 1388; x_wconf 87' lang='lat' dir='ltr'>apud</span> <span class='ocrx_word' id='word_1_97' title='bbox 503 1297 513 1361; x_wconf 89' lang='lat' dir='ltr'>i</span> <span class='ocrx_word' id='word_1_98' title='bbox 537 1295 587 1362; x_wconf 87' lang='lat' dir='ltr'>sos</span> <span class='ocrx_word' id='word_1_99' title='bbox 609 1337 622 1376; x_wconf 87' lang='lat'><strong>,</strong></span> <span class='ocrx_word' id='word_1_100' title='bbox 656 1295 714 1362; x_wconf 89' lang='lat' dir='ltr'>sub</span> <span class='ocrx_word' id='word_1_101' title='bbox 739 1295 918 1364; x_wconf 87' lang='lat' dir='ltr'>testrmonio</span> <span class='ocrx_word' id='word_1_102' title='bbox 940 1297 1032 1388; x_wconf 73' lang='lat' dir='ltr'>eligat</span> <span class='ocrx_word' id='word_1_103' title='bbox 1051 1273 1183 1387; x_wconf 36' lang='lat' dir='ltr'>{meula</span> <span class='ocrx_word' id='word_1_104' title='bbox 1198 1273 1224 1309; x_wconf 46' lang='grc' dir='ltr'>ε’</span> 
     </span>
     <span class='ocr_line' id='line_1_14' title="bbox 125 1319 1031 1478; baseline 0.004 -28"><span class='ocrx_word' id='word_1_105' title='bbox 125 1387 368 1478; x_wconf 86' lang='lat' dir='ltr'>„competenti</span> <span class='ocrx_word' id='word_1_106' title='bbox 390 1423 406 1464; x_wconf 42' lang='grc' dir='ltr'>λ,</span> <span class='ocrx_word' id='word_1_107' title='bbox 439 1391 471 1453; x_wconf 91' lang='lat'>&amp;</span> <span class='ocrx_word' id='word_1_108' title='bbox 507 1319 599 1476; x_wconf 70' lang='lat' dir='ltr'>lllper</span> <span class='ocrx_word' id='word_1_109' title='bbox 635 1383 699 1453; x_wconf 92' lang='lat' dir='ltr'>hoc</span> <span class='ocrx_word' id='word_1_110' title='bbox 726 1380 782 1454; x_wconf 88' lang='lat' dir='ltr'>fiat</span> <span class='ocrx_word' id='word_1_111' title='bbox 806 1387 913 1452; x_wconf 87' lang='lat' dir='ltr'>Nobis</span> <span class='ocrx_word' id='word_1_112' title='bbox 936 1385 1031 1477; x_wconf 85' lang='lat' dir='ltr'>plena</span> 
     </span>
     <span class='ocr_line' id='line_1_15' title="bbox 125 1469 1028 1566; baseline 0.004 -27"><span class='ocrx_word' id='word_1_113' title='bbox 125 1515 158 1554; x_wconf 88' lang='lat'>,‚</span> <span class='ocrx_word' id='word_1_114' title='bbox 173 1469 251 1541; x_wconf 82' lang='lat' dir='ltr'>fides</span> <span class='ocrx_word' id='word_1_115' title='bbox 278 1499 287 1541; x_wconf 92' lang='lat'><strong>:</strong></span> <span class='ocrx_word' id='word_1_116' title='bbox 311 1481 344 1542; x_wconf 90' lang='lat'>&amp;</span> <span class='ocrx_word' id='word_1_117' title='bbox 365 1493 441 1544; x_wconf 88' lang='lat' dir='ltr'>tunc</span> <span class='ocrx_word' id='word_1_118' title='bbox 468 1496 586 1566; x_wconf 87' lang='lat' dir='ltr'>corpus</span> <span class='ocrx_word' id='word_1_119' title='bbox 609 1473 747 1543; x_wconf 72' lang='lat' dir='ltr'>defunffl</span> <span class='ocrx_word' id='word_1_120' title='bbox 772 1471 880 1566; x_wconf 78' lang='lat' dir='ltr'>primo</span> <span class='ocrx_word' id='word_1_121' title='bbox 901 1476 957 1543; x_wconf 87' lang='lat' dir='ltr'>erit</span> <span class='ocrx_word' id='word_1_122' title='bbox 986 1475 1028 1544; x_wconf 87' lang='lat' dir='ltr'>ad</span> 
     </span>
     <span class='ocr_line' id='line_1_16' title="bbox 126 1560 1029 1668; baseline 0.004 -39"><span class='ocrx_word' id='word_1_123' title='bbox 126 1603 157 1642; x_wconf 83' lang='lat'>,‚</span> <span class='ocrx_word' id='word_1_124' title='bbox 171 1560 344 1632; x_wconf 85' lang='lat' dir='ltr'>Ecclefiam</span> <span class='ocrx_word' id='word_1_125' title='bbox 368 1562 508 1632; x_wconf 87' lang='lat' dir='ltr'>nostram</span> <span class='ocrx_word' id='word_1_126' title='bbox 524 1561 795 1656; x_wconf 88' lang='lat' dir='ltr'>Antwerpiensem</span> <span class='ocrx_word' id='word_1_127' title='bbox 804 1565 1029 1668; x_wconf 85' lang='lat' dir='ltr'>portandum,</span> 
     </span>
    </p>

    <p class='ocr_par' dir='ltr' id='par_1_4' title="bbox 125 1651 1031 2010">
     <span class='ocr_line' id='line_1_17' title="bbox 125 1651 1031 1739; baseline 0.004 -21"><span class='ocrx_word' id='word_1_128' title='bbox 125 1692 156 1731; x_wconf 85' lang='lat'>‚,</span> <span class='ocrx_word' id='word_1_129' title='bbox 171 1657 229 1731; x_wconf 89' lang='lat'>&amp;‚</span> <span class='ocrx_word' id='word_1_130' title='bbox 251 1653 370 1720; x_wconf 85' lang='lat' dir='ltr'>ibidem</span> <span class='ocrx_word' id='word_1_131' title='bbox 388 1651 497 1721; x_wconf 90' lang='lat' dir='ltr'>debitis</span> <span class='ocrx_word' id='word_1_132' title='bbox 517 1653 649 1739; x_wconf 89' lang='lat' dir='ltr'>exequiis</span> <span class='ocrx_word' id='word_1_133' title='bbox 671 1653 851 1732; x_wconf 86' lang='lat' dir='ltr'>celebrans,</span> <span class='ocrx_word' id='word_1_134' title='bbox 875 1653 1031 1724; x_wconf 67' lang='lat' dir='ltr'>defleretur</span> 
     </span>
     <span class='ocr_line' id='line_1_18' title="bbox 126 1738 1027 1834; baseline 0.004 -28"><span class='ocrx_word' id='word_1_135' title='bbox 126 1741 216 1822; x_wconf 91' lang='lat' dir='ltr'>„ad</span> <span class='ocrx_word' id='word_1_136' title='bbox 248 1745 368 1810; x_wconf 82' lang='lat' dir='ltr'>Fratres</span> <span class='ocrx_word' id='word_1_137' title='bbox 402 1738 600 1810; x_wconf 85' lang='lat' dir='ltr'>eccleliastice</span> <span class='ocrx_word' id='word_1_138' title='bbox 621 1739 778 1834; x_wconf 87' lang='lat' dir='ltr'>lepulture</span> <span class='ocrx_word' id='word_1_139' title='bbox 803 1742 1027 1810; x_wconf 89' lang='lat' dir='ltr'>tradendum:</span> 
     </span>
     <span class='ocr_line' id='line_1_19' title="bbox 129 1825 1031 1910; baseline 0 -13"><span class='ocrx_word' id='word_1_140' title='bbox 129 1828 228 1910; x_wconf 85' lang='lat' dir='ltr'>„nifi</span> <span class='ocrx_word' id='word_1_141' title='bbox 262 1831 368 1899; x_wconf 85' lang='lat' dir='ltr'><strong>forsan</strong></span> <span class='ocrx_word' id='word_1_142' title='bbox 393 1830 487 1900; x_wconf 89' lang='lat' dir='ltr'>amici</span> <span class='ocrx_word' id='word_1_143' title='bbox 511 1829 649 1898; x_wconf 73' lang='lat' dir='ltr'>defunffi</span> <span class='ocrx_word' id='word_1_144' title='bbox 678 1825 719 1897; x_wconf 83' lang='lat' dir='ltr'>fic</span> <span class='ocrx_word' id='word_1_145' title='bbox 743 1828 911 1898; x_wconf 89' lang='lat' dir='ltr'>nobiscum</span> <span class='ocrx_word' id='word_1_146' title='bbox 936 1852 1031 1898; x_wconf 88' lang='lat' dir='ltr'>com-</span> 
     </span>
     <span class='ocr_line' id='line_1_20' title="bbox 126 1916 1030 2010; baseline -0.011 -21"><span class='ocrx_word' id='word_1_147' title='bbox 126 1919 332 2010; x_wconf 81' lang='lat' dir='ltr'>„posuerint</span> <span class='ocrx_word' id='word_1_148' title='bbox 356 1964 368 2000; x_wconf 89' lang='lat'><strong>,</strong></span> <span class='ocrx_word' id='word_1_149' title='bbox 399 1919 489 2008; x_wconf 92' lang='lat' dir='ltr'>quod</span> <span class='ocrx_word' id='word_1_150' title='bbox 512 1917 616 1986; x_wconf 87' lang='lat' dir='ltr'>statim</span> <span class='ocrx_word' id='word_1_151' title='bbox 642 1916 760 2006; x_wconf 84' lang='lat' dir='ltr'>absque</span> <span class='ocrx_word' id='word_1_152' title='bbox 778 1917 887 1985; x_wconf 90' lang='lat' dir='ltr'>medio</span> <span class='ocrx_word' id='word_1_153' title='bbox 910 1917 1030 1986; x_wconf 72' lang='lat' dir='ltr'>defera-</span> 
     </span>
    </p>
   </div>
   <div class='ocr_carea' id='block_1_2' title="bbox 20 2005 1027 2102">
    <p class='ocr_par' dir='ltr' id='par_1_5' title="bbox 20 2005 1027 2102">
     <span class='ocr_line' id='line_1_21' title="bbox 20 2005 1027 2102; baseline -0.005 -23"><span class='ocrx_word' id='word_1_154' title='bbox 20 2031 21 2098; x_wconf 62' lang='grc' dir='ltr'>ζ</span> <span class='ocrx_word' id='word_1_155' title='bbox 126 2027 225 2088; x_wconf 82' lang='lat' dir='ltr'>„tur</span> <span class='ocrx_word' id='word_1_156' title='bbox 245 2010 367 2080; x_wconf 87' lang='lat' dir='ltr'>ibidem</span> <span class='ocrx_word' id='word_1_157' title='bbox 391 2034 401 2078; x_wconf 75' lang='grc' dir='ltr'><strong><em>ε</em></strong></span> <span class='ocrx_word' id='word_1_158' title='bbox 425 2007 559 2102; x_wconf 88' lang='lat' dir='ltr'>proviso</span> <span class='ocrx_word' id='word_1_159' title='bbox 583 2005 657 2074; x_wconf 89' lang='lat' dir='ltr'>hinc</span> <span class='ocrx_word' id='word_1_160' title='bbox 679 2012 712 2073; x_wconf 90' lang='lat'>&amp;</span> <span class='ocrx_word' id='word_1_161' title='bbox 738 2005 835 2084; x_wconf 70' lang='lat' dir='ltr'>inde,</span> <span class='ocrx_word' id='word_1_162' title='bbox 858 2008 946 2092; x_wconf 91' lang='lat' dir='ltr'>quod</span> <span class='ocrx_word' id='word_1_163' title='bbox 968 2031 1027 2080; x_wconf 84' lang='lat' dir='ltr'>nec</span> 
     </span>
    </p>
   </div>
   <div class='ocr_carea' id='block_1_3' title="bbox 20 2089 1225 2454">
    <p class='ocr_par' dir='ltr' id='par_1_6' title="bbox 20 2089 1225 2454">
     <span class='ocr_line' id='line_1_22' title="bbox 125 2089 893 2190; baseline 0.001 -26"><span class='ocrx_word' id='word_1_164' title='bbox 125 2100 252 2179; x_wconf 85' lang='lat' dir='ltr'>„fraus</span> <span class='ocrx_word' id='word_1_165' title='bbox 275 2122 331 2168; x_wconf 91' lang='lat' dir='ltr'>nec</span> <span class='ocrx_word' id='word_1_166' title='bbox 351 2098 444 2168; x_wconf 91' lang='lat' dir='ltr'>dolus</span> <span class='ocrx_word' id='word_1_167' title='bbox 467 2096 651 2167; x_wconf 86' lang='lat' dir='ltr'>interveniat</span> <span class='ocrx_word' id='word_1_168' title='bbox 670 2095 703 2164; x_wconf 90' lang='lat' dir='ltr'>in</span> <span class='ocrx_word' id='word_1_169' title='bbox 726 2089 893 2190; x_wconf 75' lang='lat' dir='ltr'>premiss‘rs.</span> 
     </span>
     <span class='ocr_line' id='line_1_23' title="bbox 177 2184 1225 2282; baseline 0.001 -27"><span class='ocrx_word' id='word_1_170' title='bbox 177 2187 252 2269; x_wconf 83' lang='lat' dir='ltr'>„In</span> <span class='ocrx_word' id='word_1_171' title='bbox 286 2185 409 2282; x_wconf 83' lang='lat' dir='ltr'>lignum</span> <span class='ocrx_word' id='word_1_172' title='bbox 444 2189 539 2282; x_wconf 87' lang='lat' dir='ltr'>igitur</span> <span class='ocrx_word' id='word_1_173' title='bbox 574 2184 669 2276; x_wconf 88' lang='lat' dir='ltr'>hujus</span> <span class='ocrx_word' id='word_1_174' title='bbox 703 2185 814 2256; x_wconf 87' lang='lat' dir='ltr'>federis</span> <span class='ocrx_word' id='word_1_175' title='bbox 849 2191 883 2254; x_wconf 90' lang='lat'>&amp;</span> <span class='ocrx_word' id='word_1_176' title='bbox 913 2205 1027 2256; x_wconf 86' lang='lat' dir='ltr'>mutue</span> <span class='ocrx_word' id='word_1_177' title='bbox 1051 2237 1072 2281; x_wconf 60' lang='grc' dir='ltr'>ς,</span> <span class='ocrx_word' id='word_1_178' title='bbox 1090 2223 1225 2275; x_wconf 53' lang='lat' dir='ltr'>estem„</span> 
     </span>
     <span class='ocr_line' id='line_1_24' title="bbox 20 2272 1218 2364; baseline 0.004 -22"><span class='ocrx_word' id='word_1_179' title='bbox 20 2287 21 2342; x_wconf 64' lang='lat'>4</span> <span class='ocrx_word' id='word_1_180' title='bbox 126 2318 155 2357; x_wconf 87' lang='lat'>„</span> <span class='ocrx_word' id='word_1_181' title='bbox 167 2276 320 2347; x_wconf 85' lang='lat' dir='ltr'>chariratis</span> <span class='ocrx_word' id='word_1_182' title='bbox 341 2303 383 2347; x_wconf 91' lang='lat' dir='ltr'>au</span> <span class='ocrx_word' id='word_1_183' title='bbox 404 2298 574 2357; x_wconf 84' lang='lat' dir='ltr'>mentum,</span> <span class='ocrx_word' id='word_1_184' title='bbox 596 2278 676 2345; x_wconf 91' lang='lat' dir='ltr'>inter</span> <span class='ocrx_word' id='word_1_185' title='bbox 697 2277 772 2344; x_wconf 89' lang='lat' dir='ltr'>Nos</span> <span class='ocrx_word' id='word_1_186' title='bbox 794 2272 837 2344; x_wconf 90' lang='lat' dir='ltr'>est</span> <span class='ocrx_word' id='word_1_187' title='bbox 872 2282 905 2346; x_wconf 89' lang='lat'>&amp;</span> <span class='ocrx_word' id='word_1_188' title='bbox 924 2275 1026 2346; x_wconf 68' lang='lat' dir='ltr'>didius</span> <span class='ocrx_word' id='word_1_189' title='bbox 1047 2300 1114 2364; x_wconf 65' lang='lat' dir='ltr'>tuam</span> <span class='ocrx_word' id='word_1_190' title='bbox 1135 2291 1218 2342; x_wconf 75' lang='lat' dir='ltr'>amici·</span> 
     </span>
     <span class='ocr_line' id='line_1_25' title="bbox 127 2301 1116 2454; baseline 0.003 -24"><span class='ocrx_word' id='word_1_191' title='bbox 127 2367 289 2445; x_wconf 88' lang='lat' dir='ltr'>„Fratres</span> <span class='ocrx_word' id='word_1_192' title='bbox 332 2301 517 2436; x_wconf 63' lang='lat' dir='ltr'>orllnatum</span> <span class='ocrx_word' id='word_1_193' title='bbox 549 2373 582 2433; x_wconf 90' lang='lat'>&amp;</span> <span class='ocrx_word' id='word_1_194' title='bbox 615 2365 837 2442; x_wconf 65' lang='lat' dir='ltr'>consuetum,</span> <span class='ocrx_word' id='word_1_195' title='bbox 873 2366 964 2454; x_wconf 90' lang='lat' dir='ltr'>quod</span> <span class='ocrx_word' id='word_1_196' title='bbox 994 2368 1027 2434; x_wconf 90' lang='lat' dir='ltr'>in</span> <span class='ocrx_word' id='word_1_197' title='bbox 1047 2365 1116 2407; x_wconf 54' lang='grc' dir='ltr'>ω·</span> 
     </span>
    </p>
   </div>
   <div class='ocr_carea' id='block_1_4' title="bbox 20 2451 1027 2532">
    <p class='ocr_par' dir='ltr' id='par_1_7' title="bbox 20 2451 1027 2532">
     <span class='ocr_line' id='line_1_26' title="bbox 20 2451 1027 2532; baseline -0.003 -6"><span class='ocrx_word' id='word_1_198' title='bbox 20 2517 21 2526; x_wconf 73' lang='grc'>,</span> <span class='ocrx_word' id='word_1_199' title='bbox 127 2455 315 2532; x_wconf 82' lang='lat' dir='ltr'>„omnibus</span> <span class='ocrx_word' id='word_1_200' title='bbox 344 2455 434 2523; x_wconf 88' lang='lat' dir='ltr'>licitis</span> <span class='ocrx_word' id='word_1_201' title='bbox 471 2461 505 2522; x_wconf 88' lang='lat'>&amp;</span> <span class='ocrx_word' id='word_1_202' title='bbox 535 2451 672 2521; x_wconf 88' lang='lat' dir='ltr'>honestis</span> <span class='ocrx_word' id='word_1_203' title='bbox 700 2454 875 2521; x_wconf 87' lang='lat' dir='ltr'>tenebimur</span> <span class='ocrx_word' id='word_1_204' title='bbox 912 2461 1027 2523; x_wconf 87' lang='lat' dir='ltr'>nos&amp;</span> 
     </span>
    </p>
   </div>
   <div class='ocr_carea' id='block_1_5' title="bbox 110 2539 1108 2989">
    <p class='ocr_par' dir='ltr' id='par_1_8' title="bbox 110 2539 1108 2900">
     <span class='ocr_line' id='line_1_27' title="bbox 127 2539 1028 2636; baseline 0.004 -28"><span class='ocrx_word' id='word_1_205' title='bbox 127 2539 223 2636; x_wconf 85' lang='lat' dir='ltr'>„ipli</span> <span class='ocrx_word' id='word_1_206' title='bbox 257 2542 333 2612; x_wconf 86' lang='lat' dir='ltr'>alter</span> <span class='ocrx_word' id='word_1_207' title='bbox 373 2541 496 2612; x_wconf 90' lang='lat' dir='ltr'>alterius</span> <span class='ocrx_word' id='word_1_208' title='bbox 517 2543 703 2636; x_wconf 87' lang='lat' dir='ltr'>supportare</span> <span class='ocrx_word' id='word_1_209' title='bbox 723 2549 871 2612; x_wconf 88' lang='lat' dir='ltr'>onera&amp;</span> <span class='ocrx_word' id='word_1_210' title='bbox 896 2539 1028 2614; x_wconf 86' lang='lat' dir='ltr'>fideliter</span> 
     </span>
     <span class='ocr_line' id='line_1_28' title="bbox 126 2631 1028 2728; baseline 0.006 -29"><span class='ocrx_word' id='word_1_211' title='bbox 126 2631 292 2726; x_wconf 86' lang='lat' dir='ltr'>„negotia</span> <span class='ocrx_word' id='word_1_212' title='bbox 328 2656 524 2728; x_wconf 88' lang='lat' dir='ltr'>promovere</span> <span class='ocrx_word' id='word_1_213' title='bbox 550 2677 562 2714; x_wconf 89' lang='lat'>‚</span> <span class='ocrx_word' id='word_1_214' title='bbox 601 2639 634 2702; x_wconf 82' lang='grc' dir='ltr'>δι</span> <span class='ocrx_word' id='word_1_215' title='bbox 669 2634 805 2722; x_wconf 90' lang='lat' dir='ltr'>exequiis</span> <span class='ocrx_word' id='word_1_216' title='bbox 844 2633 1028 2704; x_wconf 88' lang='lat' dir='ltr'>nostrorum</span> 
     </span>
     <span class='ocr_line' id='line_1_29' title="bbox 125 2718 1108 2815; baseline -0.001 -24"><span class='ocrx_word' id='word_1_217' title='bbox 125 2764 154 2800; x_wconf 75' lang='lat'>2,</span> <span class='ocrx_word' id='word_1_218' title='bbox 169 2722 396 2794; x_wconf 73' lang='lat' dir='ltr'>defunetorum</span> <span class='ocrx_word' id='word_1_219' title='bbox 429 2721 503 2793; x_wconf 91' lang='lat' dir='ltr'>hinc</span> <span class='ocrx_word' id='word_1_220' title='bbox 539 2722 615 2792; x_wconf 73' lang='lat' dir='ltr'>inde</span> <span class='ocrx_word' id='word_1_221' title='bbox 645 2718 912 2815; x_wconf 80' lang='lat' dir='ltr'>proceffionaliter</span> <span class='ocrx_word' id='word_1_222' title='bbox 934 2727 1029 2792; x_wconf 87' lang='lat' dir='ltr'>inter-</span> <span class='ocrx_word' id='word_1_223' title='bbox 1107 2775 1108 2782; x_wconf 34' lang='lat' dir='ltr'>r</span> 
     </span>
     <span class='ocr_line' id='line_1_30' title="bbox 110 2809 960 2900; baseline 0.001 -24"><span class='ocrx_word' id='word_1_224' title='bbox 110 2819 113 2826; x_wconf 85' lang='lat'>&#39;</span> <span class='ocrx_word' id='word_1_225' title='bbox 124 2851 155 2891; x_wconf 85' lang='lat'>„</span> <span class='ocrx_word' id='word_1_226' title='bbox 168 2809 229 2878; x_wconf 84' lang='lat' dir='ltr'>elle</span> <span class='ocrx_word' id='word_1_227' title='bbox 248 2852 261 2889; x_wconf 88' lang='lat'>‚</span> <span class='ocrx_word' id='word_1_228' title='bbox 296 2813 426 2899; x_wconf 86' lang='lat' dir='ltr'>quando</span> <span class='ocrx_word' id='word_1_229' title='bbox 451 2811 631 2880; x_wconf 69' lang='lat' dir='ltr'>commode</span> <span class='ocrx_word' id='word_1_230' title='bbox 658 2811 773 2900; x_wconf 89' lang='lat' dir='ltr'>poterit</span> <span class='ocrx_word' id='word_1_231' title='bbox 792 2810 960 2877; x_wconf 85' lang='lat' dir='ltr'>observari.</span> 
     </span>
    </p>

    <p class='ocr_par' dir='ltr' id='par_1_9' title="bbox 174 2894 1029 2989">
     <span class='ocr_line' id='line_1_31' title="bbox 174 2894 1029 2989; baseline 0 -24"><span class='ocrx_word' id='word_1_232' title='bbox 174 2897 249 2981; x_wconf 80' lang='lat' dir='ltr'>„ln</span> <span class='ocrx_word' id='word_1_233' title='bbox 284 2896 406 2967; x_wconf 88' lang='lat' dir='ltr'>horum</span> <span class='ocrx_word' id='word_1_234' title='bbox 442 2916 548 2966; x_wconf 87' lang='lat' dir='ltr'>autem</span> <span class='ocrx_word' id='word_1_235' title='bbox 572 2897 787 2966; x_wconf 87' lang='lat' dir='ltr'>testimonium</span> <span class='ocrx_word' id='word_1_236' title='bbox 808 2894 942 2989; x_wconf 78' lang='lat' dir='ltr'>sigillum</span> <span class='ocrx_word' id='word_1_237' title='bbox 961 2899 1029 2965; x_wconf 86' lang='lat' dir='ltr'>Ca-</span> 
     </span>
    </p>
   </div>
   <div class='ocr_carea' id='block_1_6' title="bbox 20 2982 1098 3159">
    <p class='ocr_par' dir='ltr' id='par_1_10' title="bbox 20 2982 1098 3159">
     <span class='ocr_line' id='line_1_32' title="bbox 20 2982 1098 3146; baseline -0.006 -87"><span class='ocrx_word' id='word_1_238' title='bbox 20 3055 21 3084; x_wconf 24' lang='lat'>}</span> <span class='ocrx_word' id='word_1_239' title='bbox 125 3029 154 3068; x_wconf 89' lang='lat'>‚,</span> <span class='ocrx_word' id='word_1_240' title='bbox 163 2986 259 3146; x_wconf 66' lang='lat' dir='ltr'>pituli</span> <span class='ocrx_word' id='word_1_241' title='bbox 304 2984 403 3055; x_wconf 86' lang='lat' dir='ltr'>nostri</span> <span class='ocrx_word' id='word_1_242' title='bbox 443 3009 535 3054; x_wconf 90' lang='lat' dir='ltr'>curn·</span> <span class='ocrx_word' id='word_1_243' title='bbox 556 2983 656 3146; x_wconf 43' lang='lat' dir='ltr'>sigillo</span> <span class='ocrx_word' id='word_1_244' title='bbox 678 2984 817 3053; x_wconf 75' lang='lat' dir='ltr'>Plebani</span> <span class='ocrx_word' id='word_1_245' title='bbox 845 2992 885 3055; x_wconf 84' lang='lat'>·&amp;</span> <span class='ocrx_word' id='word_1_246' title='bbox 920 2982 1026 3079; x_wconf 79' lang='lat' dir='ltr'>sigillis</span> <span class='ocrx_word' id='word_1_247' title='bbox 1096 3021 1098 3038; x_wconf 88' lang='lat'><em>·</em></span> 
     </span>
     <span class='ocr_line' id='line_1_33' title="bbox 125 3120 153 3159; baseline -0.071 0"><span class='ocrx_word' id='word_1_248' title='bbox 125 3120 153 3159; x_wconf 74' lang='lat'>2²</span> 
     </span>
    </p>
   </div>
   <div class='ocr_carea' id='block_1_7' title="bbox 189 3075 1027 3148">
    <p class='ocr_par' dir='ltr' id='par_1_11' title="bbox 189 3075 1027 3148">
     <span class='ocr_line' id='line_1_34' title="bbox 189 3075 1027 3148; baseline -0.001 -3"><span class='ocrx_word' id='word_1_249' title='bbox 189 3077 280 3146; x_wconf 89' lang='lat' dir='ltr'>rioris</span> <span class='ocrx_word' id='word_1_250' title='bbox 320 3083 354 3146; x_wconf 76' lang='grc' dir='ltr'>δι</span> <span class='ocrx_word' id='word_1_251' title='bbox 389 3079 537 3148; x_wconf 88' lang='lat' dir='ltr'>Fratrum</span> <span class='ocrx_word' id='word_1_252' title='bbox 600 3076 813 3147; x_wconf 79' lang='lat' dir='ltr'>redicatorum</span> <span class='ocrx_word' id='word_1_253' title='bbox 863 3075 1027 3146; x_wconf 87' lang='lat' dir='ltr'>resenribus</span> 
     </span>
    </p>
   </div>
   <div class='ocr_carea' id='block_1_8' title="bbox 20 3164 1026 3260">
    <p class='ocr_par' dir='ltr' id='par_1_12' title="bbox 20 3164 1026 3260">
     <span class='ocr_line' id='line_1_35' title="bbox 20 3164 1026 3260; baseline -0.002 -24"><span class='ocrx_word' id='word_1_254' title='bbox 20 3211 21 3236; x_wconf 45' lang='grc' dir='ltr'><strong>ι</strong></span> <span class='ocrx_word' id='word_1_255' title='bbox 128 3167 294 3248; x_wconf 87' lang='lat' dir='ltr'>„Litteris</span> <span class='ocrx_word' id='word_1_256' title='bbox 333 3164 378 3236; x_wconf 89' lang='lat' dir='ltr'>est</span> <span class='ocrx_word' id='word_1_257' title='bbox 400 3167 588 3260; x_wconf 86' lang='lat' dir='ltr'>appensum.</span> <span class='ocrx_word' id='word_1_258' title='bbox 617 3167 797 3238; x_wconf 69' lang='lat' dir='ltr'>Attum&amp;</span> <span class='ocrx_word' id='word_1_259' title='bbox 819 3186 822 3208; x_wconf 84' lang='lat'><strong>¹</strong></span> <span class='ocrx_word' id='word_1_260' title='bbox 846 3187 935 3236; x_wconf 87' lang='lat' dir='ltr'>atum</span> <span class='ocrx_word' id='word_1_261' title='bbox 955 3169 1026 3234; x_wconf 84' lang='lat' dir='ltr'>l&#39;ab-</span> 
     </span>
    </p>
   </div>
   <div class='ocr_carea' id='block_1_9' title="bbox 20 3256 1288 3864">
    <p class='ocr_par' dir='ltr' id='par_1_13' title="bbox 20 3256 1288 3864">
     <span class='ocr_line' id='line_1_36' title="bbox 20 3256 1025 3350; baseline -0.001 -26"><span class='ocrx_word' id='word_1_262' title='bbox 20 3347 21 3350; x_wconf 8' lang='lat'><em>*</em></span> <span class='ocrx_word' id='word_1_263' title='bbox 126 3298 154 3336; x_wconf 90' lang='lat'>„</span> <span class='ocrx_word' id='word_1_264' title='bbox 170 3259 246 3325; x_wconf 88' lang='lat' dir='ltr'>bato</span> <span class='ocrx_word' id='word_1_265' title='bbox 270 3277 339 3330; x_wconf 87' lang='lat' dir='ltr'>ante</span> <span class='ocrx_word' id='word_1_266' title='bbox 363 3256 476 3326; x_wconf 79' lang='lat' dir='ltr'>selbun</span> <span class='ocrx_word' id='word_1_267' title='bbox 500 3258 582 3327; x_wconf 88' lang='lat' dir='ltr'>beati</span> <span class='ocrx_word' id='word_1_268' title='bbox 608 3259 750 3329; x_wconf 82' lang='lat' dir='ltr'>Barnabe</span> <span class='ocrx_word' id='word_1_269' title='bbox 770 3256 919 3350; x_wconf 88' lang='lat' dir='ltr'>Apostoli</span> <span class='ocrx_word' id='word_1_270' title='bbox 938 3277 1025 3325; x_wconf 88' lang='lat' dir='ltr'>anno</span> 
     </span>
     <span class='ocr_line' id='line_1_37' title="bbox 20 3343 999 3426; baseline 0.002 -14"><span class='ocrx_word' id='word_1_271' title='bbox 20 3357 21 3368; x_wconf 59' lang='lat'>¹</span> <span class='ocrx_word' id='word_1_272' title='bbox 125 3345 305 3426; x_wconf 80' lang='lat' dir='ltr'>„Domini</span> <span class='ocrx_word' id='word_1_273' title='bbox 327 3346 443 3416; x_wconf 85' lang='lat' dir='ltr'><strong>MCC.</strong></span> <span class='ocrx_word' id='word_1_274' title='bbox 467 3343 538 3416; x_wconf 86' lang='lat' dir='ltr'>sexa</span> <span class='ocrx_word' id='word_1_275' title='bbox 560 3344 658 3416; x_wconf 83' lang='lat' dir='ltr'>elimo</span> <span class='ocrx_word' id='word_1_276' title='bbox 675 3345 829 3418; x_wconf 76' lang='lat' dir='ltr'>secundo·</span> <span class='ocrx_word' id='word_1_277' title='bbox 997 3393 999 3400; x_wconf 68' lang='lat'><em>,</em></span> 
     </span>
     <span class='ocr_line' id='line_1_38' title="bbox 173 3369 1219 3540; baseline -0.002 -36"><span class='ocrx_word' id='word_1_278' title='bbox 173 3433 362 3526; x_wconf 80' lang='lat' dir='ltr'>Questiones</span> <span class='ocrx_word' id='word_1_279' title='bbox 409 3438 507 3509; x_wconf 76' lang='lat' dir='ltr'>varia</span> <span class='ocrx_word' id='word_1_280' title='bbox 538 3369 615 3506; x_wconf 71' lang='lat' dir='ltr'>lroc</span> <span class='ocrx_word' id='word_1_281' title='bbox 648 3453 793 3506; x_wconf 88' lang='lat' dir='ltr'>temore</span> <span class='ocrx_word' id='word_1_282' title='bbox 827 3433 1023 3540; x_wconf 75' lang='lat' dir='ltr'>agitabantur</span> <span class='ocrx_word' id='word_1_283' title='bbox 1094 3412 1219 3491; x_wconf 77' lang='lat'><strong>¹²⁶3·-</strong></span> 
     </span>
     <span class='ocr_line' id='line_1_39' title="bbox 125 3521 1288 3620; baseline 0.002 -29"><span class='ocrx_word' id='word_1_284' title='bbox 125 3521 207 3592; x_wconf 89' lang='lat' dir='ltr'>inter</span> <span class='ocrx_word' id='word_1_285' title='bbox 234 3525 423 3619; x_wconf 85' lang='lat' dir='ltr'>Capitulum</span> <span class='ocrx_word' id='word_1_286' title='bbox 443 3531 478 3596; x_wconf 74' lang='grc' dir='ltr'>δι</span> <span class='ocrx_word' id='word_1_287' title='bbox 502 3525 662 3597; x_wconf 85' lang='lat' dir='ltr'>Senatum.</span> <span class='ocrx_word' id='word_1_288' title='bbox 730 3524 854 3596; x_wconf 85' lang='lat' dir='ltr'>anonicr</span> <span class='ocrx_word' id='word_1_289' title='bbox 875 3531 1021 3594; x_wconf 86' lang='lat' dir='ltr'>autem&amp;</span> <span class='ocrx_word' id='word_1_290' title='bbox 1072 3554 1217 3620; x_wconf 69' lang='lat' dir='ltr'>maestiores</span> <span class='ocrx_word' id='word_1_291' title='bbox 1286 3597 1288 3602; x_wconf 61' lang='grc'><strong>,</strong></span> 
     </span>
     <span class='ocr_line' id='line_1_40' title="bbox 128 3610 1216 3710; baseline -0.002 -26"><span class='ocrx_word' id='word_1_292' title='bbox 128 3610 280 3696; x_wconf 78' lang='lat' dir='ltr'>scabini,</span> <span class='ocrx_word' id='word_1_293' title='bbox 314 3613 353 3685; x_wconf 69' lang='lat' dir='ltr'>nb</span> <span class='ocrx_word' id='word_1_294' title='bbox 377 3617 503 3691; x_wconf 83' lang='lat' dir='ltr'>bonrun</span> <span class='ocrx_word' id='word_1_295' title='bbox 536 3618 623 3710; x_wconf 88' lang='lat' dir='ltr'>pacis</span> <span class='ocrx_word' id='word_1_296' title='bbox 657 3615 734 3683; x_wconf 88' lang='lat' dir='ltr'>inter</span> <span class='ocrx_word' id='word_1_297' title='bbox 758 3614 879 3684; x_wconf 89' lang='lat' dir='ltr'>clerum</span> <span class='ocrx_word' id='word_1_298' title='bbox 904 3620 938 3682; x_wconf 75' lang='grc' dir='ltr'>δι</span> <span class='ocrx_word' id='word_1_299' title='bbox 962 3637 1024 3706; x_wconf 90' lang='lat' dir='ltr'>po·</span> <span class='ocrx_word' id='word_1_300' title='bbox 1046 3617 1216 3682; x_wconf 61' lang='lat' dir='ltr'>intercipim-</span> 
     </span>
     <span class='ocr_line' id='line_1_41' title="bbox 580 3683 1216 3802; baseline 0 -10"><span class='ocrx_word' id='word_1_301' title='bbox 580 3703 660 3793; x_wconf 64' lang='lat' dir='ltr'>aa</span> <span class='ocrx_word' id='word_1_302' title='bbox 907 3704 1022 3802; x_wconf 67' lang='lat' dir='ltr'>pulum</span> <span class='ocrx_word' id='word_1_303' title='bbox 1043 3683 1216 3795; x_wconf 68' lang='lat' dir='ltr'>uitat</span> 
     </span>
     <span class='ocr_line' id='line_1_42' title="bbox 1045 3821 1138 3864; baseline -0.043 0"><span class='ocrx_word' id='word_1_304' title='bbox 1045 3821 1138 3864; x_wconf 76' lang='lat' dir='ltr'>uantur.</span> 
     </span>
    </p>
   </div>
   <div class='ocr_carea' id='block_1_10' title="bbox 0 0 1314 4396">
    <p class='ocr_par' dir='ltr' id='par_1_14' title="bbox 0 0 1314 4396">
     <span class='ocr_line' id='line_1_43' title="bbox 0 0 1314 4396; baseline 0 0"><span class='ocrx_word' id='word_1_305' title='bbox 0 0 1314 4396; x_wconf 95' lang='lat' dir='ltr'> </span> 
     </span>
    </p>
   </div>
  </div>
 </body>
</html>
