2576 4386
294 305 518 377 citrino·
549 301 806 375 currenni
928 303 995 388 249'

109 396 189 469 sunt
220 396 348 484 duobus
380 394 486 478 diebus
522 392 647 477 serius,
681 393 715 460 id
733 390 775 461 est
801 413 831 480 3.
853 389 998 482 Augusti.
1062 380 1161 451 Anno

110 486 152 558 In
174 485 231 555 illis
251 505 356 558 autem
377 504 461 578 patet
481 482 668 569 desiderium
690 481 825 550 habendi
844 481 996 547 Conven-
1041 492 1160 559 ¹1243.
1231 516 1234 524 ι

102 595 189 646 tum
211 576 341 644 Ordinis
365 573 492 667 hujus,
513 580 546 642 δι
568 573 673 662 quanti
699 572 826 640 fecerint
847 565 996 670 visitatio-

111 688 172 733 nes
190 667 335 734 Fratrum
357 666 436 734 illius
459 663 590 732 Ordinis
616 663 694 731 olim
706 657 996 732 fauas.111asenarn

34 765 40 776 ’
112 754 241 828 exOri
263 755 335 822 inali
358 754 526 845 subjungo.
1151 836 1182 851 ..
1256 799 1261 810 ·

162 885 188 924 „
258 843 443 913 LlGIOSlS
469 841 580 912 VIRIS
599 841 777 913 &discretis
788 843 834 912 H.
846 835 1001 908 PRIORI
1037 839 1192 951 ΜΨ

110 975 141 1015 „
178 933 340 1001 rovinciali
370 936 514 1004 Fratrum
535 933 770 1007 Predicatorum
791 929 951 998 Teutonie
970 933 1002 994 δι
1022 907 1116 960 ‘m
1132 920 1162 962 '⁶²

111 955 355 1104 „ERATMBUS
385 1019 616 1096 Diffinitoribus
642 1021 781 1114 Capituli
800 1016 1005 1112 provincialis

113 1136 176 1194 „a
202 1113 246 1180 ud
277 1114 482 1204 Argentinam
503 1110 676 1180 SCABINI
698 1119 731 1180 δι
752 1105 1004 1179 COMMUNI-

111 1219 141 1283 ,',
156 1135 242 1268 lPAS
262 1203 441 1293 Antwerpie
463 1200 693 1274 Cameracenlis
718 1197 1002 1270 Diocesrssalutem

111 1331 143 1371 ,‚
158 1296 191 1356 δι
216 1287 364 1356 linceram
383 1291 414 1358 in
446 1291 591 1358 Domino
613 1290 803 1361 charitatem.

165 1379 360 1466 „Quamvis
383 1377 551 1448 mundanis
561 1378 741 1471 pulveribus
753 1373 899 1448 offuscati
911 1399 1003 1448 com·

110 1469 311 1560 „paratione
320 1467 468 1537 felicitatis
479 1467 989 1560 spiritualismultarumcivitatum
996 1517 1011 1553 ,
1042 1514 1046 1522 ·

114 1597 143 1637 2,
157 1559 270 1645 quibus
291 1556 323 1626 in
347 1559 474 1651 populo
497 1565 530 1634 &
551 1557 616 1628 aliis
637 1559 863 1650 temporalibus
879 1559 1005 1632 termini

114 1645 250 1730 „nostri
269 1647 543 1740 superabundant,
555 1645 694 1721 nostram
716 1642 922 1718 necessitatem
943 1670 1004 1716 vo·

115 1777 145 1820 2,
157 1737 204 1804 bis
224 1737 397 1806 invitamur
419 1760 586 1831 exponere.

163 1825 289 1904 „Cum
333 1829 435 1914 itaque
476 1823 649 1898 secundum
677 1824 856 1980 presentem
888 1823 1004 1894 statum

114 1957 142 1995 ,,
153 1913 360 1982 ministerium
392 1913 532 1982 vestrum
552 1914 655 1984 sande
712 1916 740 1981 ei
758 1908 891 1982 Ecolelie
914 1935 1006 1981 com·

115 2006 312 2096 „probetur
349 2001 645 2096 pernecellarium,
687 2008 720 2070 δι
753 2023 812 2069 nos
845 2000 1006 2090 hucusque

114 2090 369 2188 „consolatione
391 2089 516 2169 vestri,
539 2089 629 2179 quod
655 2089 852 2158 cumdolore
864 2091 1005 2180 proferre

118 2223 147 2264 ‚,
185 2179 328 2250 offumus
360 2223 373 2260 ,
416 2181 607 2251 caruerimus
642 2205 656 2258 3
698 2176 753 2248 nisi
789 2180 821 2246 in
851 2197 1009 2267 quantum

118 2205 239 2350 „lleati
274 2272 413 2356 Fratres¹
449 2269 541 2338 vestri
575 2268 703 2339 Dombs
725 2264 931 2338 Lovauiensrs
955 2266 1009 2340 vel

114 2358 209 2446 „alii
241 2361 422 2426 remotiores
463 2381 521 2426 nos
552 2359 697 2426 duxerint
729 2356 851 2428 vilitate
883 2357 1008 2426 :omni

119 2490 149 2554 Ρ,
163 2446 338 2514 devotionis
370 2442 486 2515 affeeni
521 2445 656 2513 vestram
689 2446 914 2538 propulsamus
933 2468 1010 2512 exo-

119 2553 258 2619 „rantes
293 2533 509 2615 charitatem,
541 2532 691 2624 quatenus
725 2535 817 2602 nobis
835 2540 873 2614 1&
898 2533 1009 2608 nostris

120 2625 401 2716 „compatiamini
438 2667 451 2704 ,
508 2631 542 2692 &
586 2625 797 2697 Corrrmmu
835 2623 1008 2696 Funruun

120 2755 149 2794 ,‚
157 2711 336 2782 vestrorum
360 2715 578 2806 Antwerpiam
611 2713 753 2790 destinari
779 2715 905 2784 faciatis.
937 2715 1010 2782 Nos

121 2804 245 2884 „enim
277 2803 361 2891 ipsos
383 2799 500 2874 affeetu
526 2800 645 2870 linceio
664 2810 697 2869 δι
722 2803 888 2870 diledrione
911 2799 1012 2874 stabili

122 2890 345 2981 „pertradinre
377 2891 666 2978 compromittimns
691 2912 701 2955 ε
728 2886 855 2954 firmam
879 2905 1016 2958 tenentes

124 2974 317 3060 „fiduciam
351 3018 365 3057 ,
409 2976 498 3063 quod
528 2999 603 3044 curn
634 2977 793 3046 Dominus
825 2975 1014 3050 benedixerit

121 3068 271 3158 „domui
308 3067 337 3134 E
405 3066 426 3132 ri
463 3083 594 3158 propter
631 3066 794 3136 introitum
824 3064 945 3156 Josepli
980 3072 1016 3136 de·

125 3157 274 3237 „domui
356 3157 436 3222 aban
463 3173 594 3246 propter
613 3155 751 3238 Jacob,
788 3155 1012 3224 benedictionis

126 3246 277 3328 „divine
315 3268 433 3317 munus
471 3244 511 3312 ad
542 3245 705 3318 introitum
727 3245 1015 3323 corumdemcon-

127 3333 337 3418 „sequemun

164 3423 331 3577 ffipltum
352 3423 385 3490 in
405 3421 589 3492 Inventione
614 3420 762 3512 Stephani
780 3443 885 3488 annno
898 3421 1017 3498 MCC,

127 3553 152 3594 a>
272 3561 280 3578 ·

176 3600 318 3689 Quando
341 3600 468 3672 Litterae
495 3599 544 3674 hae
567 3598 648 3674 date
667 3598 739 3668 sunt
761 3641 773 3682 ,
802 3596 1019 3679 verolimiliter

126 3689 321 3786 'Capitulum
349 3689 487 3768 necdum
519 3708 745 3790 congregatum
771 3709 834 3760 erat
856 3713 866 3758 ε
891 3687 913 3758 li
933 3691 1017 3759 enirn

940 3801 1019 3848 con·
