2618 4396
216 355 219 364 ,
310 279 842 351 Cnnrsroiinnscsns.
971 301 1014 357 29

127 368 280 466 5‚phtnie
315 371 491 442 Domini-'⁸
529 367 618 461 Stylo
641 367 841 439 Cmerecensr
872 410 885 448 ‚
917 304 968 438 ai

127 485 190 550 que
210 483 295 534 anno
322 483 418 544 1291.
573 507 576 512 -
965 535 969 542 ,

24 609 25 640 2
174 551 265 622 Cum
287 569 394 620 autem
420 549 539 620 domus
556 543 610 618 assi
632 568 704 618 nata
725 549 757 616 in
779 547 881 617 relatis
891 546 1015 616 Litteris

128 637 282 711 edificata
319 636 393 710 effer
426 640 586 712 infundo
653 637 834 717 onasterii,
868 634 1016 704 Prioriffa

960 393 1016 438 80·

126 735 162 798 &
198 731 386 799 Conventus
421 728 561 808 fundum
595 729 687 799 ilium
721 727 904 818 mancipant
928 723 1016 792 <buo

126 820 253 889 Curato
289 843 347 914 per
364 815 421 890 has
440 819 573 888 Litteras
595 819 728 920 desuper
751 817 907 887 confertas
929 834 1016 882 anno

126 907 275 997 sequenti.
778 917 780 926 ’

175 996 370 1076 „Universrs
405 995 555 1091 presentes
586 995 718 1066 Litteras
750 993 932 1087 inspesturis
955 991 1009 1061 M.
1023 1023 1212 1080 monialmon-

125 1085 312 1167 „Prioriffa
361 1094 395 1156 &
434 1090 623 1156 Conventus
654 1085 685 1154 8.
705 1087 765 1154 Ma
802 1106 884 1153 arete
924 1079 1011 1173 juxti
1026 1089 1108 1139 ferunt
1123 1093 1216 1156 caper·

123 1217 150 1256 ,‚
166 1177 420 1268 Anuverpiam,
454 1176 583 1247 Ordinis
602 1175 700 1245 senui
726 1176 766 1244 Vi
800 1177 863 1244 oris
878 1151 1212 1282 salutemflffgssfflffi

123 1271 196 1344 »δι
218 1264 344 1333 noscere
366 1267 538 1334 veritatem.
1030 1284 1093 1346 ejus.

174 1353 354 1431 „Noverit
376 1351 554 1426 univerfius
577 1350 678 1421 vestra
701 1394 714 1435 ,
745 1352 835 1441 quod
856 1351 914 1420 rios
939 1352 1013 1418 fun-

123 1483 153 1530 „
166 1441 246 1510 dum
280 1439 354 1528 sive
374 1441 523 1511 mansum
556 1441 701 1512 nostrum
735 1440 819 1510 extri
844 1438 1012 1511 claustrum

124 1529 311 1612 „nostrum
339 1555 400 1622 pro
430 1531 438 1552 '
473 1551 631 1624 percetam
665 1529 805 1600 nostram
824 1529 1014 1622 jacentem,

126 1621 195 1702 „in
230 1642 296 1707 quo
326 1623 429 1690 fimo
463 1623 514 1689 vir
544 1621 728 1690 venerabilis
766 1621 929 1690 Dominus
974 1619 1015 1688 E.

125 1751 152 1790 „
162 1709 308 1777 Decanus
318 1706 453 1778 Ecclefie
462 1709 610 1776 B.Marie
621 1709 862 1801 Anrwerpiensrs
874 1710 1016 1776 domum

126 1803 196 1878 »ὃς
230 1794 364 1868 edificia-
391 1795 562 1866 construxit
582 1796 624 1865 ad
655 1821 739 1888 opus
765 1797 1015 1888 Capelianorum

127 1928 153 1968 ,‚
163 1883 380 1966 nostrorum,
415 1908 496 1976 quos
530 1907 591 1976 pro
627 1903 770 1977 tempore
794 1883 1014 1964 habebimus,

127 1998 241 2056 „cum
285 1974 402 2046 foffaris
440 1972 730 2062 circumjacentibus
768 2017 780 2054 ,
826 1974 943 2041 damus
980 1978 1013 2040 δε
1058 1983 1070 2032 5

128 2105 153 2144 ῃ
167 2067 358 2134 conferimus
393 2064 484 2133 diuis
515 2063 693 2156 Capellanis
719 2061 758 2130 de
781 2060 911 2131 coniilio
936 2083 1014 2150 pro-

127 2195 154 2233 „
167 2152 311 2223 visorum
343 2152 522 2223 nostrorum
557 2154 591 2220 in
621 2171 813 2248 perpetuum
832 2149 1014 2219 habendum

127 2242 257 2322 „libere
281 2249 313 2312 8ι
337 2239 570 2334 poffidendum.
674 2281 676 2286 ·
874 2252 877 2258 '

174 2331 245 2408 „In
277 2331 367 2419 cujus
398 2333 440 2400 rei
478 2330 697 2402 ,testimonium
732 2327 827 2422 sigilla
861 2329 966 2397 nostra
999 2372 1012 2408 ‚

132 2418 231 2500 „uni
253 2441 330 2487 cum
355 2418 698 2511 figillisVenerabilium
709 2420 855 2486 virorum
878 2419 1014 2486 Domini

14 2561 15 2602 J
129 2549 155 2588 ‚‚
164 2507 204 2575 E.
255 2507 376 2576 Decani
412 2550 425 2587 ,
474 2506 612 2603 magistri
651 2505 799 2574 Nicholni
821 2507 1013 2585 Canonici,

129 2595 347 2690 „Semtgiiiri
374 2596 530 2679 Johannis
551 2597 679 2666 Plebani
703 2592 895 2676 EcclefieJB.
908 2595 1013 2664 Marie

129 2683 406 2779 „Anrwerpieufis
440 2687 648 2756 Provisorum
676 2685 858 2760 nostrorum
890 2685 1015 2780 presen-

131 2777 248 2855 „tibus
274 2776 421 2844 duximus
443 2777 643 2865 apponenda.
1082 2837 1085 2842 .

167 2863 326 2940 „Auum
359 2869 392 2930 &
425 2862 535 2929 detrun
561 2885 645 2930 anno
658 2863 722 2928 Dni
742 2863 857 2928 MCC.
877 2884 962 2929 nona
983 2887 1028 2944 e·¹

130 2991 156 3032 ,‚
165 2947 249 3105 {imo
270 2950 435 3028 secundo,
458 2950 491 3016 in
512 2949 644 3020 crastino
663 2947 893 3042 Assumptionis
912 2883 1017 3018 uin

129 3081 157 3120 ,‚
196 3041 223 3106 ir
244 3039 312 3107 inis.
328 3043 347 3068 ’'

175 3061 303 3196 Eoiiem
341 3126 406 3198 hoc
431 3149 516 3196 anno
540 3123 743 3219 nonagesimo
765 3124 904 3198 secundo
924 3129 1017 3198 Mar·
1038 3162 1216 3218 Abbffich,

131 3215 205 3287 chio
235 3216 338 3286 noster
366 3219 525 3301 Jonnnns
545 3217 569 3286 1.
605 3217 778 3300 Brabantiae
803 3215 1017 3288 Duxeonfir-
1041 3227 1139 3280 obtinet
1153 3233 1191 3290 ius

131 3325 199 3406 mat
235 3308 379 3376 Abbariae
411 3306 443 3376 S.
453 3307 619 3378 Michaelis
652 3305 807 3380 universas
829 3314 861 3375 δι
885 3305 1016 3401 (togulas
1035 3291 1221 3422 J'fgigssffstg

134 3391 336 3485 poffeffiones
364 3395 432 3466 suas
472 3403 504 3480 ὃς
539 3397 726 3476 libertates,
761 3417 837 3482 quas
864 3395 1016 3480 usquein
1041 3393 1169 3474 vitatibus-⁹
1215 3407 1219 3412 ’

133 3505 209 3552 eum
250 3484 334 3564 diem
369 3484 577 3576 poffedemt,
609 3484 668 3554 suo
691 3508 728 3554 ac
750 3483 1018 3557 Praedecefforum
1102 3494 1132 3504 ““

98 3641 103 3652 ,
131 3570 267 3672 suorum
289 3576 484 3664 temporibus
507 3576 525 3644 i
548 3575 796 3665 quibuscumque
822 3574 957 3666 personis
970 3603 1022 3648 ac-

134 3663 269 3752 quibtas.
316 3663 359 3734 Et
395 3684 535 3736 notanter
569 3665 715 3738 concedit
744 3665 911 3738 Abbati&
934 3670 1025 3736 Con-

852 3839 854 3846 J
919 3757 1027 3829 ventui
