2590 4388
294 369 529 442 Cnursro
566 377 836 438 crescens.
949 379 1012 459 ro7
1104 433 1106 440 .

125 473 324 529 cumentum'
337 459 490 528 -intulerat
520 457 553 524 in
587 454 739 548 potestate
778 452 1011 538 ecclesiastiea,
1073 449 1191 518 Anno‘

124 573 198 636 quae
217 549 336 618 inanis
355 548 550 640 contemptui
570 565 637 617 erat
648 586 659 624 ,
681 543 855 614 sedetiam
876 547 908 612 in
931 567 1010 615 tem·
1078 551 1175 610 1116.

124 638 297 729 poralibus.
342 639 505 728 Docuerat
528 636 614 710 enim
652 632 844 725 impostor,
875 635 1010 704 decimas

122 723 327 794 ecclefiasticis
347 725 483 796 exhiberi
508 748 574 794 non
598 724 708 794 debere
722 746 730 792 :
745 730 778 792 &
790 724 864 791 inde
885 724 1015 792 indubie
1089 717 1093 744 '

120 815 210 882 initio
246 813 339 884 huius
376 814 469 884 seculi
502 813 683 883 susurrones
716 813 810 900 aliqui
843 809 1015 880 institerant·

122 904 213 994 apud
234 905 457 982 Hermonis,
479 903 588 990 quiin
611 901 840 971 Merchionatu
863 899 1028 970 successe-1

122 1011 175 1059 rat
197 991 414 1068 Gooerruno
440 995 630 1062 Burrouro
658 1034 670 1070 ,
705 1011 742 1061 ut
763 993 925 1069 decimas,
955 1012 1029 1081 per

122 1103 201 1150 eum
225 1083 376 1174 Capitulo
397 1079 615 1174 Antverpiensr
639 1079 764 1150 collatas
789 1122 802 1159 ,
823 1081 863 1150 ab
891 1102 931 1147 eo
957 1103 1032 1147 au··

120 1172 239 1249 ferret,
261 1172 350 1258 quod
373 1178 405 1242 &
418 1172 511 1250 fecit3
533 1172 664 1240 retinens
687 1193 735 1238 eas
758 1171 791 1238 in
806 1166 1028 1259 suapotesta-..

79 1269 83 1276 '
121 1277 177 1336 re,
200 1259 302 1327 donec
322 1259 584 1328 Marchionatum
610 1260 716 1332 tenuit.
738 1257 821 1326 Post.
837 1255 1017 1349 depofitioa
1102 1289 1105 1294 ¹

121 1369 203 1422 nem
233 1350 396 1417 Hsurucr
422 1350 454 1415 in
478 1347 704 1416 Marchionatu
728 1345 910 1420 successerat
938 1344 1016 1414 Go-

121 1457 302 1505 nrrumus
327 1458 510 1507 sarsurus
525 1439 658 1504 ¹Comes
683 1433 901 1505 Lovaniensrs.
923 1435 988 1504 fflc
1000 1477 1024 1514 2.

120 1533 199 1592 cum
230 1526 367 1595 decimas
405 1527 470 1596 illas
509 1527 542 1593 in
563 1525 621 1596 sua
645 1525 794 1618 potestate
816 1522 1012 1602 invenilset,
1080 1597 1083 1604 ,

120 1636 173 1686 eas
196 1611 262 1682 libi·
276 1618 370 1685 etiam
381 1617 555 1688 retinuerat
585 1623 618 1689 δε
642 1616 749 1684 amicis
770 1614 830 1682 suis
853 1613 1023 1690 habendas¹

120 1703 290 1774 tradiderat
324 1729 333 1775 ε
369 1729 435 1782 non
458 1706 609 1782 docuerat
631 1707 716 1782 enim
738 1699 904 1795 versipellis
932 1701 986 1772 iste
998 1704 1044 1780 ,Ψ

123 1791 259 1872 decimas
284 1793 448 1872 solvendas
468 1817 541 1879 non¹
557 1791 619 1861 else
640 1834 653 1871 2
686 1791 739 1860 sed
759 1792 922 1866 solvendas
944 1813 1026 1858 non·

123 1879 186 1948 else
212 1881 414 1950 ecclesiasticis
434 1926 445 1962 ‚
467 1882 558 1969 quod
576 1880 689 1948 sciebat
713 1880 857 1970 pluribus
879 1879 1014 1971 placere,

121 1968 366 2038 Gonrruruus
401 1990 508 2040 autem
531 1969 572 2036 us
588 1991 628 2036 ue
650 1971 682 2043 in
704 1967 772 2036 haec
796 1988 941 2059 tempora
963 1988 1012 2033 eas

120 2059 324 2138 retinuerat,
354 2058 436 2126 unde
461 1993 651 2148 Capittiltun
675 2055 852 2147 plurimum
873 2054 1014 2144 patieba-

120 2166 184 2216 tur.

166 2236 275 2325 ltaque
296 2255 332 2308 ut
354 2235 564 2316 restitueretur
588 2236 701 2306 Clerus
722 2237 754 2303 in
773 2231 941 2327 pristinum
953 2230 1013 2302 sta·
1063 2253 1202 2330 tgltnrpro·

120 2344 217 2404 tuma
240 2324 327 2405 imb,
349 2348 408 2406 ut,
430 2351 495 2415 quo
507 2330 605 2398 luerat
617 2323 801 2481 depressus,
823 2322 1014 2426 magisnsub·¹
1028 2317 1180 2370 1⁶st¹t11t¹0¹1e

677 2433 748 2485 tum
769 2413 810 2479 ad
831 2414 1010 2504 Principem
1026 2382 1204 2496 stillulis&

119 2415 306 2493 limaretur,
329 2437 473 2506 coeptum
497 2414 540 2484 est
611 2417 632 2483 i.

566 2439 794 2577 ssarclrionem
826 2499 969 2569 nostrum
999 2510 1028 2578 ς’,
1136 2554 1141 2556 .

122 2500 328 2592 Gadesridum
358 2501 528 2572 Barbarum
1141 2575 1147 2587 ,
1182 2576 1191 2588 ,

112 2592 204 2660 itum
242 2591 283 2660 ad
314 2591 531 2669 Barchardam
564 2591 762 2686 Episcopum
801 2575 1203 2686 Cameracena.¹le1’1{¹¹d{2¹¹}{¹s

119 2680 197 2750 sem.
220 2681 273 2748 Ad
297 2682 499 2773 Principem,
520 2684 610 2774 apud
634 2704 730 2774 quem
754 2682 911 2778 Carionici
936 2679 1011 2778 bac«
1028 2655 1202 2750 stetissent,

119 2768 207 2838 tenus
226 2794 292 2842 non
311 2769 502 2844 cessaverant
529 2771 671 2840 exhibere
694 2771 832 2857 querelas
851 2770 890 2836 de
902 2767 1011 2856 injustd
1026 2779 1130 2818 meum.

122 2859 252 2936 detentis
276 2859 404 2926 decimis
425 2901 438 2936 ‚
460 2857 672 2929 collaborante
695 2866 860 2947 &petente
881 2855 1026 2932 Senatus

121 2967 234 3049 utpeas
258 2946 413 3036 Capitulo
445 2945 623 3013 restitueret.
637 2955 639 2964 ’
653 2946 800 3035 Princeps
834 2961 939 3042 auten}
963 2941 1011 3009 his

121 3035 270 3128 precibus
305 3053 413 3104 motus
437 3074 450 3111 ‚
481 3055 548 3102 rem
570 3030 653 3101 hanc
677 3031 805 3102 tandem
831 3032 946 3100 remilrt
970 3029 1012 3100 ad

119 3125 333 3230 Conciliarios
356 3123 455 3202 suos,
476 3123 531 3212 qui
551 3120 700 3214 justitiam
719 3120 860 3216 Capituli
881 3121 1011 3215 desuper

122 3231 344 3286 exarmnarent·
814 3223 818 3232 '

147 3343 153 3366 .·
166 3305 220 3372 Ad
254 3305 372 3396 Episco
395 3325 454 3372 um
479 3321 609 3382 autem,
642 3322 677 3372 ut
698 3304 832 3372 Clerum
851 3300 1030 3393 despeduit
1053 3335 1199 3403 apuurptr.

122 3389 301 3498 exposrtum
335 3326 520 3472 rebraret,
555 3399 588 3459 δε
622 3391 826 3460 concedendo
857 3390 1012 3482 Capitulo
1025 3403 1200 3479 recapitulem

146 3481 286 3572 nuilegla
307 3522 319 3559 ‚
341 3505 415 3558 eum
441 3481 636 3550 venerationi
657 3479 825 3550 restitueret
846 3520 859 3557 ‚
880 3503 945 3590 (pro
978 3481 1010 3548 in
1023 3464 1146 3585 {amm
1163 3482 1200 3526 ¹¹⁴·

119 3507 202 3641 satu
233 3573 333 3645 foret,
356 3589 391 3639 ut
415 3568 554 3639 haeresrm
571 3567 760 3663 gralsantem
782 3567 920 3637 fundims
944 3594 1010 3640 era·
1057 3568 1067 3595 ⁸

121 3662 239 3732 dicaret
262 3682 271 3726 :
294 3658 427 3745 ideoque
438 3659 650 3752 supplicatum
660 3656 724 3738 est,
750 3655 898 3745 quarenlrs
911 3660 1009 3728 ecclc-

121 3747 200 3824 liam
226 3748 257 3818 S.
283 3745 450 3816 Michaslis
485 3746 676 3826 omnimodd
702 3748 837 3816 libertate
862 3749 1008 3826 donans,
1110 3757 1114 3762 “

120 3837 248 3916 cessaret
271 3838 434 3914 nontinare
463 3837 717 3922 adbenefaciain
739 3839 887 3918 omnibus
906 3836 1006 3936 locis,

980 3944 1013 3994 tu
