2590 4388
291 294 359 375 ’146
534 281 924 354 'narvnrr‘r

141 377 240 446 'Anno
291 373 481 444 miraculum
491 398 504 451 ;
517 374 607 461 quod
624 375 737 444 accidit
756 375 790 442 in
813 371 992 443 Visttatione
1012 369 1181 464 cujusdam·

145 485 240 549 1124
292 463 441 556 Episcopi
482 460 722 534 Cameracensis.
778 462 897 552 Quidni
955 463 1015 556 sup
1040 488 1175 535 onamus

289 552 368 622 illud
390 551 532 622 accidisse
556 554 590 619 in
613 550 673 620 hac
698 549 803 645 prima
824 552 998 622 Burchardi
1016 485 1182 625 l'ilitatim
1274 567 1275 630 l

289 667 339 710 ne.
362 641 466 710 Verba
489 639 530 712 fic
554 640 677 709 sonant.
1274 639 1275 682 ἶ

93 736 266 852 rndlddllluss
331 731 512 825 „Contigit
534 729 682 818 equidem
704 728 829 798 dudum
863 729 1075 800 venerabilem
1114 734 1174 803 Pa·
1274 725 1275 784 Ῑ

91 862 212 970 Enseu·
284 951 310 990 2,
322 907 484 978 moralis
505 907 717 976 sollicitudinis
741 900 833 976 more
859 905 1170 979 ecclesiamnositam

283 1041 310 1080 ‚,
322 995 455 1067 vilitate.
496 998 561 1066 Hic
583 995 792 1074 celebraturus
809 997 886 1064 inter
911 996 1077 1068 miliarum
1101 1000 1171 1070 lua·

282 1129 307 1170 „
320 1110 394 1154 rum
428 1086 602 1177 solempnia
634 1082 868 1156 sacrosanctum
892 1087 1029 1156 Domini
1049 1089 1170 1181 Prepu·

279 1219 306 1258 ‚‚
319 1177 420 1255 tium,
442 1178 481 1245 de
521 1198 566 1244 uo
587 1172 768 1242 sermonem
792 1175 886 1242 vobis
910 1176 1075 1255 facimus,
1096 1201 1169 1268 pre·
1275 1227 1276 1248 1

279 1264 478 1344 „sentialiter
499 1198 555 1332 llbi
580 1256 683 1330 afferri
711 1269 745 1330 8<
773 1263 981 1354 Corporali,
1006 1289 1079 1355 ,quo
1102 1285 1168 1336 ute-

279 1356 410 1434 „batur
428 1396 440 1433 ‚
464 1351 635 1446 superponi
656 1347 886 1443 prestolabatur
905 1379 919 1431 3
954 1371 993 1424 ut·
1026 1354 1167 1449 idipsum

280 1484 307 1522 ‚‚
320 1465 395 1512 cum
413 1463 501 1511 metu
527 1447 560 1508 &
584 1441 753 1529 reverentia
771 1441 887 1529 valeret
912 1442 1054 1600 aspicere.

286 1605 293 1614 ,
324 1530 465 1621 „Cujus
485 1530 598 1599 devote
619 1529 761 1619 petitioni
782 1569 794 1608 ‚
830 1530 910 1600 dum
963 1531 1165 1603 tedecelsores

278 1662 304 1700 „
316 1619 446 1699 nostri,
481 1619 623 1776 quippo
646 1637 790 1710 tempore
812 1618 988 1702 adimant,
1010 1619 1086 1710 justi:
1109 1644 1165 1690 an-
1276 1667 1277 1710 q

278 1751 303 1790 „
317 1728 467 1788 nument,
488 1709 552 1776 indi
587 1707 611 1774 's
631 1725 737 1774 tamen
761 1706 847 1800 priris
869 1710 995 1804 populo
1017 1733 1074 1804 per
1086 1734 1164 1780 eun·

276 1839 303 1878 ,‚
316 1798 391 1866 dem
420 1798 624 1867 orationibus
641 1798 868 1866 communibus
893 1841 905 1878 ‚
928 1799 1008 1868 dum
1044 1798 1164 1892 &ipse

276 1887 396 1968 „inni
416 1885 506 1956 misse
524 1884 577 1954 sue
601 1884 716 1953 secreta
735 1905 828 1965 orat,
850 1884 874 1954 fi
900 1887 979 1957 forte
1001 1889 1166 1959 Dominus

274 2018 300 2056 „
313 1977 416 2044 eidem
429 1973 552 2069 lignum
561 1973 689 2062 aliquod
711 1976 831 2043 mittere
851 1975 1041 2079 dignaretur.
1074 1979 1161 2046 Mira

274 2105 299 2146 „
313 2067 391 2147 res!
424 2067 506 2135 Ecce
541 2089 579 2132 ex
610 2067 733 2154 prefato
768 2065 902 2132 Domini
924 2068 1108 2136 Pnrrurro
1130 2069 1163 2134 in

274 2155 492 2258 „Corporale
521 2153 607 2232 ,cui
631 2149 818 2246 impositum
837 2155 972 2234 suerat,
1009 2173 1068 2222 tres
1089 2154 1161 2222 san-

274 2284 300 2324 „
312 2245 414 2333 guinis
441 2241 577 2335 guttulas
600 2283 612 2319 ‚
644 2263 704 2330 que
726 2243 758 2309 in
779 2239 843 2308 hoc
865 2240 961 2329 usque
982 2243 1034 2310 evi
1057 2265 1159 2334 appa·

271 2351 378 2410 „rent
412 2337 444 2400 δι
495 2347 688 2409 emanent,
726 2328 851 2422 stupens
884 2329 1036 2422 conspicit
1073 2330 1160 2400 resu-

272 2461 299 2499 2,
313 2417 425 2502 dalle,
463 2354 626 2508 llarimque
646 2419 769 2488 ¹totum
797 2419 879 2486 circa
903 2441 972 2486 rem
992 2419 1107 2500 hanc,
1135 2416 1159 2488 st

270 2509 389 2595 „quid
410 2509 559 2577 inheserat
582 2509 744 2578 dubietatis
758 2507 899 2588 vulnus,
922 2509 962 2577 de
971 2507 1036 2597 ejus
1047 2511 1160 2602 pedio-

273 2620 345 2678 „re
393 2617 571 2689 reputatum
592 2596 636 2664 est
671 2621 680 2665 ε
717 2600 829 2665 orabat
852 2616 957 2666 tamen
976 2595 1157 2690 poenitentiai

273 2726 299 2766 2,
314 2621 427 2753 <ludus
455 2687 527 2778 pius
561 2685 652 2754 Patet
685 2687 906 2766 Domimun,
935 2686 1158 2778 populumque

275 2796 377 2930 „Ero
395 2773 427 2858 se
452 2797 541 2842 orare
566 2777 660 2856 fecit,
682 2777 820 2854 veritus,
843 2773 866 2842 li
891 2775 970 2844 forte
989 2776 1021 2842 in
1041 2773 1101 2844 hac
1123 2799 1158 2842 re

270 2903 298 2944 ,‚
344 2887 420 2934 eum
443 2884 508 2934 tem
532 2865 618 2933 tandi
640 2865 756 2933 vitium
776 2861 926 2933 ullatenlrs
947 2862 1130 2934 incurrisset.
1138 2866 1158 2923 ''-

317 2951 350 3020 Si
375 2978 490 3024 verum
508 2888 546 3032 stt
571 2997 584 3034 ‚
616 2953 807 3023 miraculum
832 2952 910 3021 illud
931 2951 1072 3021 accidisse
1090 2951 1157 3020 hoc

270 3057 442 3129 tempore3
465 3045 533 3128 quis
558 3043 679 3110 dubitat
701 3082 714 3120 2
736 3043 812 3130 quin
837 3041 1014 3144 plurimum
1040 3040 1156 3108 contri·

239 3181 243 3192 .
269 3128 373 3196 buerit
410 3126 452 3196 ad
489 3130 692 3196 eradicandos
717 3149 767 3196 ‘ex
804 3131 916 3197 annuis
947 3129 1152 3200 sedunorum

270 3215 394 3304 civium
413 3238 523 3284 omnes
546 3213 809 3284 Tanchelinianos
833 3240 963 3288 errores.

78 3323 101 3368 s.
114 3315 247 3375 rotbertus
312 3307 510 3376 fundatione
530 3305 737 3375 &dotatione
763 3300 804 3373 lic
830 3305 995 3398 completis
1009 3307 1156 3380 &Non-

75 3380 154 3498 {¹22}
170 3400 235 3494 qiuar-
271 3417 404 3466 rannus
436 3397 474 3465 de
504 3395 623 3465 assensu
658 3398 752 3465 totius
787 3395 904 3499 populi
929 3397 1101 3467 collocavit
1119 3399 1154 3466 in

76 3509 112 3562 ses
130 3461 245 3576 aigil„
268 3481 300 3550 S.
323 3483 489 3554 Michailis
525 3485 682 3575 quosdam
714 3484 842 3554 Ordinis
874 3483 921 3552 sui
939 3485 1154 3579 Religiosos,
1217 3544 1221 3554 .

75 3573 245 3626 collocatus.
266 3592 348 3658 quos
373 3574 528 3642 Canonici
566 3577 604 3641 Β.
631 3576 684 3642 Μ.
718 3598 757 3642 ex
779 3573 926 3644 omnibus
946 3574 1116 3668 selegerant
1141 3598 1155 3644 ε

75 3635 212 3700 ΨΜ*
265 3657 300 3730 id
332 3658 450 3732 indicat
486 3665 671 3732 Nicotaus
699 3663 761 3754 Ep.
786 3663 881 3738 cam.
906 3665 940 3735 in
963 3663 1154 3824 Diplorpaatte

1125 3772 1151 3821 0

285 839 407 904 „nem
435 827 467 889 δι
490 819 673 888 Dominum
707 817 850 887 nostium
880 819 1170 901 Cameracensem,
1274 827 1275 886 1
