2590 4388
301 298 522 370 Cnnrsro
558 317 806 369 cursurus.
934 319 994 366 rar

119 387 216 460 nandi
248 367 390 458 induunt’
417 407 603 456 ornamenta
646 386 763 455 ordini
804 383 998 478 suscipiendo
1065 379 1164 470 Anno

121 476 254 634 propria
273 518 285 558 ‚
304 475 422 548 accedit
441 483 475 544 δι
487 478 666 546 Norbertus
687 499 745 579 per
765 474 907 543 medium
917 475 1002 544 mul-
1070 468 1168 543 1182·

121 566 297 645 timuis,
329 588 399 654 quae
424 588 500 634 eum
523 563 664 637 attentilrs
690 566 899 641 intuebatur,
929 565 1003 654 quia

124 675 218 722 notus
240 673 314 726 erat
358 655 449 725 Dum
483 653 606 723 sacrista
626 654 654 721 ei
677 647 773 723 offert
796 657 1006 732 ornamenta,

122 741 256 810 extendit
276 765 412 814 manum
434 742 475 811 ad
499 765 601 812 unum
625 739 642 810 ὲ
664 739 842 811 domesticis
863 739 956 819 suis,
987 739 1007 808 a

122 853 189 920 quo
211 832 324 924 accipit
352 832 494 905 tunicam
528 831 725 928 pelliceam,
755 851 855 920 quam
884 826 1010 920 jullerat

125 915 230 992 afferri
253 944 262 988 ε
285 927 318 988 &
338 921 378 989 de
403 918 486 990 olitis
524 915 744 1026 pretioliffrmis
769 960 782 998 ‚
811 919 928 1009 quibus
961 917 1011 995 in·

126 1008 282 1077 duebanrr
302 1051 315 1088 ,
335 1033 359 1077 v
404 1013 473 1080 ‘bus
494 1051 507 1089 ,
527 1009 632 1078 rnduit
655 1011 793 1079 tunicam
818 1006 1013 1101 pelliceam,

126 1119 199 1186 quae
221 1095 392 1168 secundnm
417 1098 511 1168 usum
533 1100 595 1169 aevi
630 1103 663 1168 &
688 1098 753 1170 loci
773 1093 910 1168 maxime
932 1116 1012 1164 cou-

13 1237 16 1245 .
126 1187 307 1342 tempnbilis
328 1208 403 1262 erat.
424 1189 468 1256 Et
488 1208 564 1260 tunc
585 1185 714 1260 demimr
730 1186 865 1256 extendit
874 1203 1011 1254 manum

125 1275 171 1344 ad
211 1273 355 1344 acristam
376 1283 410 1349 δι
427 1297 568 1367 acceptet
591 1296 777 1344 ornamenta
797 1274 916 1344 oblata.
990 1313 992 1319 =

175 1361 328 1456 Susceptis
350 1363 523 1434 Ordinibus
550 1365 631 1434 redit
651 1365 692 1432 ad
718 1362 946 1434 monasterium
966 1359 1015 1432 Si·
1177 1415 1183 1426 .

127 1452 313 1556 gebergense
337 1494 350 1532 ,
378 1454 434 1523 ubi
458 1450 572 1522 mansit
599 1451 652 1522 sex
668 1453 873 1546 septimanis,
895 1450 1012 1523 discens
1085 1519 1094 1536 ,

127 1541 312 1610 exerentium
336 1543 539 1622 flurdiionum
567 1548 601 1610 &
624 1545 764 1612 formans
782 1541 813 1610 se
838 1541 872 1610 in
888 1543 1015 1636 pietate.

130 1627 224 1698 Tum
248 1631 327 1699 redit
355 1632 396 1700 ad
418 1630 475 1700 sua
494 1634 528 1699 in
548 1631 673 1702 civitate
691 1628 826 1704 Santenfi
849 1654 859 1698 ε
882 1637 915 1699 &
959 1633 1013 1700 uia

131 1719 251 1791 ibidem
272 1721 456 1796 Canonicus
479 1739 571 1799 erat,
594 1721 740 1794 Decanus
765 1727 798 1788 δι
823 1720 907 1809 Capi
955 1743 1013 1788 um

132 1828 249 1900 rogant
266 1831 341 1878 eum
364 1852 376 1890 ‚
409 1828 445 1878 ut
479 1831 542 1902 pro
566 1809 711 1877 Primitiis
735 1807 866 1886 celebret
887 1805 1014 1879 millam

133 1898 386 1970 conventualem.
429 1898 615 1988 Acceptavit
642 1897 853 1974 Norbertus,
887 1891 1017 1987 &post

135 1985 229 2052 Evan
251 1983 349 2052 elium
382 1983 493 2052 habuit
522 1984 747 2078 concionem,
780 1984 813 2049 in
836 1979 899 2068 qul
931 1983 1018 2050 miro

135 2071 209 2142 zelo
230 2006 428 2161 loquebatur
463 2070 502 2140 de
536 2071 672 2138 vanitate
697 2068 845 2146 mundi,
880 2068 918 2135 de
943 2067 1018 2135 vitae
1130 2076 1132 2084 ’

135 2161 288 2232 brevitate
315 2161 407 2232 &de
430 2154 672 2252 impossibilitate
690 2155 882 2252 beatitudiuis
903 2156 938 2224 in
958 2153 1019 2224 hle

136 2247 202 2320 virt
213 2293 225 2331 ‚
247 2274 375 2342 carpens
400 2251 519 2319 fortiter
539 2249 639 2326 vitia,
660 2270 732 2336 quae
752 2264 887 2314 noverat
907 2267 1019 2338 regna-

136 2363 171 2407 re
194 2340 274 2407 inter
294 2341 474 2408 Canonicos
498 2340 666 2410 confratres
689 2335 763 2408 suos
787 2359 801 2418 ς
822 2358 890 2404 ιιοιι
912 2351 1019 2404 tamen

119 2430 194 2495 'eos
210 2447 322 2495 notans
343 2428 376 2496 in
395 2425 583 2520 particulari.

184 2511 312 2584 Postertl
331 2515 406 2595 die,
429 2515 508 2584 dum
530 2531 617 2582 erant
636 2514 670 2583 in
692 2511 877 2608 CapianO,
906 2510 1020 2608 accipit
1063 2567 1064 2576 ,

142 2607 260 2674 librum
271 2604 403 2698 Regula
414 2647 428 2686 ‚
453 2610 486 2672 &
500 2623 686 2678 convertens
706 2603 737 2672 se
755 2603 797 2673 ad
819 2605 986 2688 Decanrun
1008 2621 1022 2681 '2

143 2692 334 2764 demonstrat
359 2694 388 2763 ei
413 2717 469 2786 per
492 2694 591 2761 verba
610 2691 707 2762 sancti
720 2691 788 2762 Gre
809 2692 1023 2766 orii&san&i

142 2780 253 2884 lsrdori
278 2824 291 2862 ,
326 2783 553 2874 obligationem
572 2804 627 2850 eos
648 2802 786 2854 revocan
809 2783 816 2796 '
842 2781 884 2850 ad
905 2782 1025 2852 reblam

169 2891 245 2938 ram.

144 2893 169 2940 v
191 2957 349 3027 Canonici
373 2955 507 3026 seniores
527 2956 695 3028 audiebant
716 2956 918 3028 Norbertum
942 2954 1030 3048 paci·
1047 2941 1218 3060 elilim*

143 3042 226 3127 fiet,
248 3043 472 3116 corrfiderantes
490 3046 652 3114 veritatem
676 3045 838 3116 diuomm
857 3043 922 3136 ejus
942 3067 951 3113 :
972 3040 1027 3111 sed
1127 3039 1135 3056 “

143 3137 283 3228 juniores
308 3137 654 3206 obmurmurabant&
677 3136 947 3215 contemnebant,
973 3159 1028 3203 ex-

144 3224 226 3294 terni
244 3245 348 3296 tamen
371 3222 476 3296 adhuc
496 3225 733 3294 venerationem
755 3224 921 3293 servantes.
949 3221 1028 3290 Pos-

145 3311 211 3388 terl
235 3315 284 3382 die
312 3315 345 3381 in
365 3314 462 3406 pleno
487 3313 640 3406 Capitulo
658 3333 744 3382 taxat
763 3335 879 3380 eorum
900 3310 976 3379 vitia
996 3311 1030 3382 in

148 3400 328 3496 particulari
348 3443 361 3482 ,
381 3404 518 3472 indicans
542 3424 578 3475 sa
600 3423 677 3482 cum
699 3397 947 3484 circumstantiis.
989 3399 1032 3472 Et

151 3497 229 3568 'cum
263 3488 335 3560 haec,
362 3491 505 3583 pluribus
537 3491 645 3559 diebus
679 3490 904 3568 continuaret,
938 3482 1032 3558 fiebat

150 3577 223 3672 iplis
257 3577 300 3649 itia
333 3579 561 3660 intolerabilis,
582 3599 618 3648 ut
634 3577 748 3648 contria
771 3599 847 3648 erun
868 3577 1033 3648 excitarent

153 3669 303 3740 clericum
325 3667 462 3756 undique
486 3668 755 3761 contemptibilem
774 3708 789 3746 ‚
808 3666 863 3754 qui
887 3689 963 3735 eum
984 3667 1034 3732 in-

152 3756 246 3854 diga&
270 3755 450 3840 tranabat,
485 3757 601 3850 injuriis
624 3777 773 3859 appetens
808 3757 894 3830 &in
919 3754 1035 3936 speum

166 3909 170 3918 .
959 3860 1036 3912 uem
