2590 4388
304 336 524 412 Crrrtrsro
561 339 811 413 crcrsca'rrs.
967 349 1014 429 89'

121 454 149 514 'ss
161 431 298 508 habebat
310 431 450 524 'regere5
471 428 526 498 sed
550 454 618 522 prae
639 433 738 500 nimia
756 427 956 506 mulotidine
978 443 1012 505 8c
1075 429 1173 506 Anno

125 521 314 609 „frequenti
343 520 528 613 negligentia
556 544 621 590 non
648 529 772 619 poterat
791 548 804 601 3
826 546 883 592 nec
909 525 1014 592 crede-
1076 531 1179 609 {1062

123 614 253 692 „batur
277 612 329 690 ei,
352 633 391 677 eo
418 610 507 698 quod
533 610 643 702 &ipse
654 609 741 700 quoii
757 612 790 679 in
805 610 955 702 conjugio
980 619 1013 686 δε,

122 742 148 780 „
162 724 202 770 co
227 698 280 768 ula
305 699 420 768 carnali
430 719 556 792 neptem
566 699 658 768 suam
678 701 805 770 iniinea
816 701 906 769 tertia
914 703 1018 769 mani-

121 793 191 870 „fe
221 787 231 812 “
257 789 378 859 sociam
402 787 450 858 sui
480 789 599 862 sceleris
621 793 745 858 fecerat.
767 789 825 858 Ob
837 789 921 857 hanc
942 811 1018 858 cau-

121 879 390 984 „sampopulus
405 879 479 959 illc,
504 875 591 967 quafi
617 893 703 972 grex'
717 876 779 948 fine
809 878 961 974 pastore,
985 879 1019 952 itr
1146 911 1148 921 ¹

124 1007 152 1047 ‚‚
165 968 272 1074 moitis
283 991 428 1073 errorum
440 970 628 1078 vanitatibus
642 970 780 1044 deviavit
799 993 808 1037 :
831 967 915 1038 smde
940 991 1021 1037 con*

123 1057 1021 1308 retiam

119 1285 122 1290 -
250 1261 267 1304 a
306 1259 388 1304 mus.

175 1324 213 1392 In
236 1325 337 1395 relatis
358 1328 461 1395 verbis
486 1328 667 1397 notandum
691 1373 704 1408 ‚
726 1326 816 1418 quod
838 1326 947 1397 unicus
970 1325 1021 1394 ille
1070 1337 1151 1402 osam
1162 1322 1213 1387 1πὲ

128 1415 282 1486 Sacerdos
294 1415 405 1483 c'uram
418 1415 553 1486 habebat
562 1440 666 1511 regere
691 1420 787 1487 totius
799 1415 915 1510 populi
929 1439 1023 1486 com-
1039 1395 1213 1516 {ffinffiss‘g

129 1506 283 1574 morantis
306 1506 339 1574 in
352 1505 490 1610 Oppido
506 1503 733 1602 Antverpiensr.
756 1507 816 1574 Per
827 1505 892 1576 hoc
913 1527 1021 1575 autem
1037 1524 1138 1596 pienfist

129 1594 309 1663 excluditur
327 1596 439 1690 opimo
450 1595 606 1677 illorum,
649 1597 805 1689 uiputanr
820 1595 1021 1665 Sacerdotem

130 1683 225 1752 illum
257 1707 368 1753 curam
403 1681 519 1778 geffiffe
544 1621 660 1778 popu‘di
680 1686 778 1775 usque
802 1687 835 1753 in
861 1685 1024 1754 Santvliet'.

129 1773 342 1842 Credendum
377 1773 482 1866 potitis
519 1798 597 1844 eum
623 1773 729 1852 solum
756 1797 888 1843 curam
920 1768 1022 1840 'effiffe
1109 1773 1112 1784 ‘

131 1862 251 2018 Popun
280 1865 508 1932 commorantis
535 1865 568 1930 in
595 1863 732 2016 Opzido
755 1870 788 1932 δι
812 1863 891 1930 infida
904 1796 1026 1930 iimitcs

150 1951 276 2019 uburbii
287 1991 299 2029 ‚
319 1950 419 2040 super·
432 1975 523 2037 quo,
545 1950 618 2039 post
640 1975 661 2016 o
684 1969 805 2018 tentum
817 1950 1024 2022 Personatum

131 2035 273 2198 ecclegssae
317 2034 584 2132 Antverpiensrs,
618 2037 650 2106 sc
685 2039 819 2114 extendit
842 2122 844 2127 Ι
851 2037 1029 2127 jurisdictio

130 2130 221 2198 cai
268 2130 289 2196 i.

182 2153 377 2288 dotandum
395 2217 546 2313 insuper,
566 2218 656 2308 quod
667 2218 794 2287 Audior
809 2218 893 2288 dicat
913 2243 924 2289 e
946 2245 1028 2288 unus
1044 2227 1219 2280 Anunustso·

134 2331 203 2382 crat
235 2307 356 2377 tannim
386 2309 531 2378 Sacerdos
556 2352 569 2388 ‚
598 2315 657 2402 qui
671 2333 781 2407 curam
797 2316 887 2378 totius
914 2313 1028 2404 populi
1045 2283 1217 2415 ffiffloe

136 2393 266 2466 habebas
299 2423 412 2486 regere.
449 2398 553 2485 Quod
589 2398 622 2462 in
657 2393 719 2464 fine
743 2397 882 2486 ejusdem
902 2401 1029 2467 numeri

138 2486 283 2578 repetit:
301 2484 469 2576 sacerdotis
481 2529 492 2565 ,
535 2491 571 2554 ssi
594 2485 682 2579 fhlus
704 2507 770 2555 crat
796 2491 830 2554 s'n
853 2489 971 2580 scelesta
993 2495 1029 2558 S.

137 2573 328 2646 Michai'ls's.
351 2577 428 2644 Hoc
450 2596 530 2644 certe
540 2573 635 2645 crudd
656 2577 875 2669 accipiendum
888 2601 954 2644 non
967 2576 1030 2656 est,

138 2661 227 2753 quali
260 2667 443 2758 Antverpiae
477 2667 592 2760 praeter
629 2664 715 2734 hunc
750 2664 951 2736 Sacerdotem
979 2668 1032 2735 alii

133 2754 273 2828 ministri
295 2779 362 2822 non
384 2753 542 2834 fuissem,
577 2747 779 2846 qui'populo
803 2758 941 2823 verbum
966 2757 1029 2822 Dei

138 2842 369 2947 praedicdssenr
384 2849 416 2909 δι
429 2844 489 2910 alia
501 2843 610 2909 divina
631 2841 815 2943 peregissent
837 2866 846 2908 :
875 2841 915 2908 fic
928 2861 1033 2908 tamen

141 2931 286 3022 intelligit
301 2930 471 2998 Bollandus
481 2932 512 2996 in
524 2931 710 2998 Praefatrone
732 2929 773 3000 ad
787 2949 867 2996 tom.
876 2928 927 2996 111.
941 2931 1035 2998 Febr.

142 3043 218 3115 pag.
232 3019 287 3110 xij
313 3020 418 3089 dicens
442 3043 452 3087 :
475 3021 555 3111 Ejus
578 3015 750 3110 (haeresrs)
764 3017 950 3110 seminando
976 3022 1036 3086 illa
1078 3059 1082 3066 -

138 3109 207 3210 fuir
229 3113 361 3204 arsafio,
384 3108 468 3204 qnod
488 3133 559 3178 cum
578 3115 688 3177 unicus
708 3108 773 3199 effes
794 3116 829 3178 in
847 3106 921 3179 urbe
928 3109 1035 3200 sacer-

147 3201 221 3278 dos,
244 3199 328 3293 ifque
350 3193 483 3268 luxurii
507 3198 655 3290 infamis,
677 3205 759 3268 cives
782 3225 836 3267 nec
853 3198 906 3290 fre
928 3219 1037 3265 stenta-

148 3285 222 3356 bant
244 3291 376 3382 Ecclgfis
396 3289 617 3383 sacramenta,
639 3313 692 3354 nec
712 3289 792 3356 ullos
817 3221 983 3355 audiedanr
998 3285 1036 3354 de

144 3373 237 3446 rebus
258 3376 374 3444 divinis
390 3379 554 3468 sermones.
588 3377 671 3442 Non
694 3373 760 3454 ric,
783 3377 912 3464 inquam
924 3417 936 3455 ‚
957 3373 1037 3448 illud

150 3466 371 3556 accipiendum
392 3464 435 3533 est
456 3491 465 3535 ε
489 3465 583 3558 sopri
605 3465 691 3532 enim
709 3463 847 3532 vidimus
856 3466 1036 3560 Antverpi'ae

150 3555 288 3628 Clemm
309 3552 526 3624 subsidiarium
549 3553 790 3658 fuiffetentporc
816 3553 1039 3628 S-Willibror-

152 3646 210 3725 di,
231 3645 265 3712 id
288 3642 332 3712 cst
350 3641 439 3712 initio
451 3643 544 3714 seculi
558 3643 665 3721 vlss.;
688 3644 828 3712 vidimus
853 3644 944 3725 dein,
967 3665 1037 3714 ante

153 3757 274 3828 paucos
298 3756 399 3800 annos
423 3756 479 3827 per
502 3733 718 3803 Godcfridum
727 3735 1039 3802 Bulloniumfunda-
1056 3703 1227 3826 „ffiffis

153 3843 225 3966 mm
245 3821 336 3902 fuisse
362 3824 399 3896 ir
429 3819 555 3902 ecclesa
585 3823 618 3900 S.
652 3821 821 3903 Michaelis¹
852 3823 1045 3980 capistria?-
