2618 4396
126 445 130 463 .
278 381 341 474 '278
519 379 951 472 burbonnis·

127 446 225 538 ᾹΨῙΟ
278 473 400 544 tionem
426 469 444 542 *a
471 494 560 568 patre
583 477 701 546 tetram
724 478 956 569 approbante,
992 476 1177 548 contentio-¹

131 547 228 624 ¹25⁶·
278 585 333 632 nes
373 585 483 632 omnes
518 563 706 652 cessarunt,
742 573 775 634 δι
812 568 931 634 Fratres
967 567 1113 656 praediffl
1135 570 1171 635 in

123 653 129 666 ’
278 648 411 744 pacifica
433 653 522 730 fundi
544 654 627 723 illius
648 650 836 746 possessione
855 652 1069 728 manserunt..

81 761 259 814 rinszerusrr.
323 740 450 810 Interim
480 745 600 812 Fratres
632 745 853 814 Praedicatores
884 739 1061 812 zelosissuni
1083 762 1176 814 erant

84 824 183 876 Μὴ·
277 831 311 915 itt
344 827 575 900 disseminando
612 834 719 902 Verbo
755 833 849 910 Dei,
885 839 918 900 δι
949 833 985 898 in·
1006 835 1172 902 animabus

276 920 495 998 convertendis
518 919 694 1013 plurimum
718 923 858 990 nuatum
881 923 1080 1002 referebant,
1102 945 1169 990 non

277 1006 402 1098 tannim
427 1010 609 1102 Antverpiae
637 1010 736 1080 sed&
760 1012 952 1098 ubicumque
974 1011 1007 1078 in
1034 1012 1173 1079 circum.

223 1103 226 1113 '
277 1095 404 1176 vicinis.
462 1101 613 1187 Cumque
656 1101 779 1169 termini
816 1097 955 1168 dioecesrs
988 1097 1174 1169 Leodiensrs

277 1184 384 1276 uersus
416 1185 660 1282 septentrionem
680 1187 741 1258 ferd
763 1189 903 1281 contigui
923 1185 1020 1256 effent
1046 1189 1174 1258 Ciuita-

277 1275 336 1355 ti,
372 1299 523 1370 magnam
559 1277 639 1346 illius
664 1276 802 1347 dioecefis
825 1269 1178 1369 partempraedicando

278 1369 526 1464 peragrabant,
561 1366 745 1435 Zelandr'am
773 1390 939 1456 quoque,
973 1366 1176 1454 quarUitra·

278 1455 395 1544 leotino
421 1455 584 1547 Episcopo
604 1459 758 1561 patebat,
781 1457 850 1544 imo
875 1462 907 1524 δε
929 1457 1081 1524 terminos
1094 1456 1177 1526 dioe-

281 1540 354 1612 cesis
383 1542 583 1612 Coloniensis
602 1545 773 1613 rdentidem
799 1541 972 1612 vifitabant.
1016 1543 1095 1612 Inde
1125 1546 1180 1613 vi·

208 1711 211 1724 Λ
281 1629 391 1700 demus
440 1629 577 1726 singulos
608 1633 732 1702 illarum
771 1630 955 1702 dioecesrum
994 1633 1115 1738 Episco
1140 1658 1178 1704 os

277 1718 402 1790 Fratres
437 1721 506 1790 illos
543 1728 576 1790 δι
614 1723 747 1800 Locum
783 1722 929 1816 ipsorum
963 1659 1177 1816 spiritualibus

124 1869 155 1926 ‚st
190 1867 249 1920 ,Γ
281 1810 384 1904 gratiis
407 1810 629 1900 favoribusque
651 1809 781 1880 dotasse.

43 1915 52 1928 ‘⁴
85 1877 261 1986 {fssassflkd’o'
328 1897 561 1970 Cameracensis
596 1900 727 1970 Antistes
759 1903 917 1972 Nicolaus
942 1901 984 1970 eis
1009 1903 1199 1972 austorima‘

86 2001 179 2052 reseis
197 2014 258 2050 rou·
284 2007 349 2058 tem
384 1990 439 2058 dat
472 1991 665 2083 predicandi
687 1993 719 2058 in
738 1989 794 2060 sut
820 1988 974 2080 dioecesi,
1010 1987 1182 2062 confeffim

85 2063 175 2117 ω·
284 2102 338 2148 nes
364 2081 512 2150 audiendi
539 2088 572 2150 δι
595 2081 707 2174 viginti
730 2080 855 2149 dierum
881 2080 1087 2184 indulgentias
1101 2105 1182 2148 con-

189 2235 191 2246 ,
284 2165 435 2249 serendi,
471 2173 592 2259 quoties
625 2171 666 2238 eis
691 2169 849 2238 videbitur
872 2170 1029 2261 expedire,
1056 2169 1180 2238 Leodi÷

285 2255 362 2330 enfis
389 2258 453 2326 hoc
476 2283 563 2328 anno
587 2260 663 2348 quin
685 2256 845 2350 uageiimo
870 2258 958 2328 sexto
984 2281 1043 2350 pro
1067 2256 1182 2326 Claus-

281 2365 333 2416 tro
358 2343 546 2417 aedificando
569 2282 713 2418 concedit
736 2348 777 2416 eis
800 2371 921 2418 annum
944 2354 1184 2436 unum&qua-

284 2459 395 2506 renam
424 2437 463 2504 de
489 2437 631 2530 injun&a
677 2437 845 2507 oenitentia.
877 2435 1075 2506 Coloniensis
1098 2461 1186 2524 quo-

284 2548 345 2614 que
378 2527 482 2595 varias
523 2547 670 2596 concert
702 2528 809 2595 venias
829 2527 908 2605 eis,
941 2528 996 2615 qui
1021 2524 1187 2596 eleemosi-

286 2635 344 2683 nas
362 2614 429 2683 suas
455 2615 496 2683 ad
518 2615 629 2708 templi
651 2623 683 2684 δε
708 2615 1042 2686 Claustristrudturam
1056 2619 1188 2684 confer-

285 2721 364 2771 rent.
410 2703 605 2794 Ultrajediini
633 2703 761 2772 tandem
788 2704 1124 2794 Antistitesffinricus
1146 2710 1185 2774 δι

274 2796 419 2886 Joannes
464 2794 506 2864 eis
546 2817 613 2862 non
648 2790 752 2862 solbm
788 2795 1004 2864 audioritatem
1041 2792 1188 2862 fecerunt

284 2884 478 3038 praedicandi
504 2889 537 2954 &
560 2877 763 2954 confessiones
789 2884 935 2964 audiendi
952 2905 1007 2987 per
1019 2879 1187 2952 dioecesun

301 2994 412 3051 uam,
447 2973 501 3044 sed
534 2975 631 3044 dandi
666 2975 760 3044 etiam
783 2975 906 3067 triginta
929 2973 1053 3041 dietum
1075 2971 1189 3040 indul-

309 3063 416 3128 entias.
439 3061 592 3155 Singulari
617 3063 712 3130 etiam
737 3065 847 3150 favore
870 3065 991 3131 Fratres
1011 3060 1082 3130 illos
1105 3084 1191 3151 pro-

284 3079 411 3225 secutus
443 3149 486 3216 est
511 3158 549 3219 F.
568 3157 667 3240 Hugo
692 3151 868 3220 Cardinalis
889 3151 920 3220 S.
933 3149 1055 3220 Sabinae
1079 3147 1191 3241 Apos-

289 3241 396 3310 tolicre
430 3237 515 3308 Sedis
542 3239 682 3332 Legatus
708 3280 721 3318 ,
754 3258 790 3307 ut
834 3259 896 3314 atet
921 3265 959 3308 ex
985 3237 1052 3329 ejus
1078 3238 1190 3306 litteris

257 3411 260 3416 ¹
289 3327 544 3400 datis-Coloniae
570 3350 653 3397 anno
683 3348 775 3416 1252.
824 3329 875 3400 ide
897 3327 1074 3400 Sanderrun
1096 3325 1193 3398 Chor-

291 3421 326 3488 S.
348 3426 413 3489 FF.
435 3417 565 3489 Pradtc.
589 3422 697 3488 Ante.

333 3507 509 3578 Cardinalis
556 3505 608 3578 hic
642 3526 708 3580 erat
750 3509 850 3597 Hugo
886 3517 924 3578 de
955 3514 991 3580 S.
1014 3501 1192 3578 mendara

288 3596 413 3690 primus
450 3622 488 3666 ex
517 3596 640 3668 Ordine
666 3597 730 3665 FF.
758 3596 888 3678 Prtedie.
912 3598 955 3676 ad
977 3596 1059 3666 hane
1085 3593 1195 3684 digni-

290 3703 387 3755 tatem
414 3684 641 3776 elevatus,qui
654 3727 666 3762 ,
689 3706 725 3754 ut
750 3685 785 3756 su
811 3687 1050 3770 malannum
1074 3695 1197 3768 1246„

290 3769 447 3868 Lugduni
483 3773 700 3876 subscripserat
728 3710 865 3910 Rudiae,
898 3799 958 3871 per
979 3797 1078 3865 qutun
1102 3773 1199 3937 ἓξὲξ
