2618 4396
116 265 120 274 ³
266 195 330 274 3ss
519 186 910 257 Aurveunrn

119 265 217 335 Anss0
266 297 338 342 mus
364 271 396 340 in
418 272 562 378 pluribus
591 275 741 344 Conciliis
763 277 802 344 de
839 275 939 344 abusu
965 274 1020 344 illo
1043 277 1093 369 agi
1128 283 1164 348 dc

116 373 218 442 „1292.·
265 363 428 456 prohiberr
454 404 466 442 ,
499 363 537 434 nd.
558 367 755 434 conserentur
784 365 965 435 Praebendae
991 369 1169 452 antequam

264 469 423 521 vacarent.
461 455 611 541 Cumque
646 456 718 524 loca
744 455 775 520 in
799 453 1001 523 Monasteriis
1024 457 1168 539 venirent¹

266 542 398 609 nomine
425 543 671 614 Praebcndarum
696 583 708 623 5
744 544 858 612 abusus
880 542 933 612 hic
953 544 985 611 in
1009 546 1172 637 receptio-e.

268 653 309 699 ue
327 631 522 700 Monialium
552 636 645 702 enam
682 633 842 726 irrepserat
880 656 889 700 τ
924 655 1021 722 quem
1056 632 1168 702 tollere

269 719 382 790 volens
404 721 582 814 Episcopus
601 721 832 790 Cameracensis
859 764 871 801 ‚
907 722 938 810 in
965 722 1060 814 supra
1086 721 1170 792 rela-

270 809 309 878 tis
343 809 468 882 Litteris
519 811 642 880 rohibet
670 810 892 904 specialiter&
916 810 1163 904 expresseMo-

268 898 404 969 nialibus
428 835 603 992 Hospitalis
625 898 855 992 Antverpieniis
881 943 894 981 ,
926 925 965 968 ue
985 901 1024 968 de
1052 920 1167 974 caetero

273 985 386 1056 similes
409 991 601 1083 receptiones
624 1034 637 1071 ,
668 985 890 1082 promissiones
916 1011 972 1060 aut
996 988 1169 1081 obligatio,

273 1101 328 1144 nes
362 1073 440 1148 fiant
472 1121 486 1159 ‚
531 1099 699 1168 antequam
736 1079 808 1148 ioca
842 1078 897 1150 seu
929 1081 1107 1150 Praebendae
1131 1081 1172 1162 in

273 1165 470 1236 Monasterio
491 1167 551 1240 suo
573 1187 697 1238 vacent.
795 1206 798 1220 ·

81 1283 157 1349 origo
175 1279 259 1332 cona·
321 1257 403 1326 Non
435 1259 491 1324 diu
548 1255 596 1325 ost
634 1257 703 1331 haec
734 1275 890 1354 tempora
913 1257 993 1331 eiius
1034 1255 1175 1326 invaluit

78 1351 157 1410 tionis
200 1350 260 1422 m:
279 1343 404 1414 abusus.
449 1280 635 1440 Episcopi,
667 1348 721 1434 qui
759 1348 791 1415 in
826 1347 992 1419 collatione
1031 1347 1171 1414 aliarum

83 1408 257 1526 ῗξῗέζῖζζῗξῖ
277 1435 520 1503 Praebendnrum
548 1454 649 1528 partes
675 1435 744 1504 suas
767 1436 955 1514 habebant,
989 1441 1023 1502 δε
1048 1434 1175 1523 aliquas

276 1546 349 1592 rum
388 1525 590 1592 collationem
625 1524 681 1593 sibi
714 1523 909 1593 'reservabant
945 1566 957 1602 ‚
1001 1525 1098 1592 etiam
1135 1525 1174 1590 in

279 1612 378 1684 Locis
411 1613 443 1679 in
477 1612 710 1692 Monasteriis,
745 1607 818 1701 ‹iuia
853 1612 1035 1696 Praebendae
1067 1636 1174 1682 voca-

279 1704 394 1770 bantur·
413 1743 425 1780 ,
459 1723 560 1794 partes
580 1701 649 1772 suas
675 1701 788 1770 habere
807 1702 968 1771 volebant.
995 1701 1088 1770 Initio
1102 1704 1174 1790 qui-v

281 1793 357 1866 dem
382 1791 684 1871 commendabant,
719 1792 863 1884 deinceps
891 1789 1106 1882 importunius
1122 1793 1172 1863 in-.

281 1879 438 1960 stabant,
472 1887 504 1948 δι
544 1883 671 1948 tandem
703 1883 898 1950 mandabant
916 1881 948 1947 in
971 1881 1101 1949 Sorores
1119 1903 1173 1949 ac-

283 1990 406 2061 ceptare
463 1969 633 2039 raesentatas
657 1996 670 2048 3
692 1971 781 2060 quod
818 1971 851 2036 in
879 1969 971 2039 usum
1000 1967 1115 2044 transrit
1139 1977 1173 2038 δε

280 1993 538 2134 consuetudinem
564 2083 573 2127 ε
600 2061 682 2130 unde
708 2059 837 2128 tandem
859 2058 1012 2152 Episcopi
1035 2058 1084 2147 jus
1114 2055 1173 2126 fibi

133 2144 266 2249 com}
281 2170 467 2242 arrogarunt
498 2149 675 2220 confercndi
701 2148 906 2240 praebendam
933 2171 1030 2217 unam
1054 2149 1086 2215 in
1110 2145 1174 2214 iin-

91 2276 135 2335 per
168 2259 267 2324 Epuco·
284 2239 363 2330 gulis
385 2237 584 2306 Monasteriis
606 2281 618 2318 ,
649 2238 744 2324 idque
768 2237 860 2306 titulo
882 2236 1094 2341 promotionis
1106 2235 1174 2305 suae

92 2340 162 2390 pum.
286 2328 326 2395 ad
358 2327 540 2420 dignitatem
573 2326 800 2485 ¹Episcopaiern
827 2371 841 2409 ‚
872 2333 927 2397 scu
958 2325 1091 2419 jucundi
1118 2324 1177 2394 ad·

157 2472 160 2478 ,
284 2415 394 2485 ventirs
415 2417 457 2486 ad
484 2416 655 2492 Ecclcfiam
697 2440 782 2485 uam.
869 2421 875 2434 “
1075 2469 1080 2480 .

91 2522 267 2599 ηιῑωδεικεκ.
330 2509 427 2574 Anno
468 2505 620 2596 srquidem
661 2521 755 2596 1367.
789 2505 961 2574 contulerat
994 2502 1114 2597 Episco
1137 2527 1177 2574 us

92 2589 238 2654 ιωΡΜ·
286 2594 516 2664 Cameracensis
548 2619 664 2688 panem
691 2596 744 2665 seu
767 2595 969 2664 Praebendam
999 2593 1030 2659 in
1054 2526 1181 2685 Hospi-

283 2683 337 2751 tali
359 2682 574 2774 Antverpiensr
598 2685 724 2753 cuidam
747 2683 934 2752 Esizabethae
954 2681 1071 2769 Smoys
1096 2703 1182 2774 nep.-

280 2774 304 2841 ti
330 2770 486 2841 Secretarii
508 2772 554 2842 sui
580 2797 588 2842 :
612 2773 664 2842 sed
691 2769 1010 2866 Religiosaepraedisti
1020 2768 1181 2862 Hospita.

184 2889 186 2892 ·
285 2863 321 2932 iis
356 2861 515 2932 collationi
549 2863 622 2934 huic
654 2863 716 2932 sese
746 2860 967 2956 opposuerunt
993 2900 1007 2939 ‚
1039 2860 1181 2930 nolentes

285 2953 483 3020 nominatam
519 2972 678 3044 acceptare
703 2995 715 3029 ‚
749 2954 850 3021 donec
875 2947 1054 3043 Episcopus
1077 2947 1183 3020 declae

286 3059 401 3120 taret,
435 3042 466 3108 se
497 3064 563 3109 non
595 3041 758 3130 dejure,
799 3042 852 3110 scd
873 3065 911 3108 erc
936 3037 1034 3132 gratiir
1047 3036 1182 3129 speciali

285 3130 489 3285 praebengam
530 3127 611 3198 hanc
644 3151 751 3221 petere
789 3153 851 3220 pro
876 3125 1048 3198 nominati.
1083 3120 1183 3204 Cessit

288 3221 408 3312 rgitur'
440 3216 586 3310 piscopus
614 3259 624 3294 ‚
670 3224 702 3284 δι
726 3216 858 3310 desuper
880 3220 1013 3286 Litteras
1034 3211 1118 3285 misit
1138 3213 1183 3286 ad·

289 3307 455 3402 Hospitale
478 3305 704 3399 praedistum',
727 3329 805 3394 quas
826 3305 877 3374 hic
900 3306 1032 3396 subjicio
1054 3325 1186 3396 excerp·

290 3415 336 3465 tas
356 3424 394 3464 ex
418 3399 504 3465 notu
529 3395 671 3464 norariaii
684 3438 696 3474 ,
720 3397 865 3464 confesso
889 3396 1044 3485 praedidio
1066 3416 1178 3476 anno,

222 3491 225 3498 ⁴
289 3485 382 3578 super
405 3487 561 3555 didrarurn
583 3487 774 3553 Litterarum
796 3486 977 3578 receptione
1001 3489 1034 3554 δι
1047 3483 1181 3576 apertio.

288 3597 363 3656 use
395 3576 596 3669 &responso
625 3575 666 3645 ad
690 3574 824 3654 easdem.

939 3658 1183 3750 „DILECTiS
