2576 4386
143 397 146 404 ,
298 342 361 410 mo
569 321 956 396 bunnuaria

145 397 239 468 Anno
296 410 363 487 „le
382 411 507 478 noverit
531 413 737 482 incursurum.
770 417 890 482 Datum
908 415 1026 482 Viterbi
1047 417 1093 486 X.
1105 416 1177 486 Kal.

141 498 242 575 1236.
294 499 412 588 „May
438 499 638 570 pontificatus
661 502 756 570 nostri
775 506 859 571 an‘no
885 505 1032 572 Decime.

523 633 548 668 „
564 590 777 660 Gneoornns
800 593 861 658 ΡΡ.
883 592 941 659 ΙΧ.

334 678 425 744 Nota
465 678 554 766 quod
582 679 734 770 Magistra
764 680 934 771 Hospitalis
965 680 1103 769 jaminde
1119 703 1180 749 vo-

290 785 375 835 cetur
409 769 590 836 Puronrssn
621 811 633 847 ,
678 787 843 854 antequam
874 768 973 837 Ordo
1001 769 1174 840 solemniter

290 853 363 922 ellet
395 857 585 948 approbatur
620 858 639 925 ὲ
672 853 824 925 Pontifice
858 900 870 936 ,
915 857 1004 945 quod
1040 858 1169 926 demum

288 945 411 1011 fadum
434 943 477 1011 est
498 967 582 1012 armo
610 957 701 1030 1246.
725 964 760 1013 ut
780 948 861 1014 infra
883 946 1013 1014 dicetur.
1092 965 1095 970 ·
1268 989 1269 1030 3

137 1040 236 1120 ¹1237.
337 1032 443 1118 Usque
482 1034 514 1100 in
548 1033 615 1102 haec
637 1054 781 1124 tempora
805 1034 969 1124 Hospitale
991 1033 1083 1101 fitum
1110 1053 1172 1102 erat

162 1201 167 1211 Ι
285 1121 318 1188 in
354 1143 431 1211 agro
469 1123 506 1188 B.
528 1123 641 1190 Mariae
671 1165 682 1199 ‚
715 1123 747 1188 in
783 1147 849 1209 quo
871 1123 1034 1190 fundatum
1060 1124 1173 1191 fuerat.

92 1198 264 1314 gssffiffi
287 1211 375 1276 Cum
406 1228 511 1277 autern
540 1210 613 1301 post
634 1209 846 1277 dilatationem
869 1212 1034 1289 Civitatis,
1055 1211 1172 1282 sanam

91 1327 257 1392 tranuntgrnn
287 1297 306 1366 a
332 1298 456 1388 triginta
479 1299 749 1386 quinque'anniS,
772 1299 891 1367 civium
919 1306 950 1366 &
971 1299 1171 1386 consequen-

90 1389 159 1440 dum.
286 1406 333 1455 tet
358 1409 537 1477 pauperum
559 1410 707 1454 numerus
733 1407 915 1477 augeretur,
939 1390 1077 1454 &bona
1093 1407 1173 1454 tem*

286 1474 408 1566 poralia
427 1477 538 1565 pietate
558 1475 713 1542 Fidelium
732 1495 936 1566 augerentur,
959 1477 1063 1563 major
1085 1475 1173 1542 Hos-

286 1561 373 1654 pitali
397 1560 484 1629 locus
509 1561 693 1633 necessarius
716 1583 787 1631 erat.
821 1561 881 1630 Sed
907 1586 980 1630 cum
1007 1586 1063 1654 per
1090 1587 1171 1656 prae-

286 1650 406 1717 didam
429 1649 641 1718 dilatationem
658 1654 814 1719 moenibus
835 1651 991 1719 inclusum
1014 1651 1114 1729 effet,
1138 1660 1168 1720 Sc

284 1745 328 1806 Fo
350 1759 437 1808 atum
461 1738 514 1806 sen
534 1741 674 1832 planities
695 1741 727 1806 in
756 1764 833 1832 agro
858 1743 896 1808 B.
921 1741 1036 1807 Mariae
1059 1741 1168 1808 datum

284 1853 301 1895 e
329 1847 359 1894 et
381 1828 533 1918 Capitulo
557 1829 598 1896 ad
625 1827 890 1897 construdlionem
910 1827 1044 1896 Claustri
1062 1832 1169 1897 Cano-

284 1917 457 1996 nicorum,
480 1917 618 2007 quiajam
636 1917 867 1985 meditabantur
884 1915 1070 1984 divilionem
1087 1921 1169 1986 Prae·

283 2005 456 2076 bendarum
477 2006 639 2086 suarum,
673 2005 741 2096 spes
763 2005 848 2073 nulla
872 2005 1026 2098 supererat
1050 2006 1169 2076 ibidem

234 2171 240 2186 υ
283 2095 463 2180 acquirendi
485 2095 584 2183 majus
606 2095 807 2164 territorium.

83 2230 102 2282 f
117 2175 258 2287 ¹30910l110
327 2184 414 2268 Quia
450 2184 573 2272 igitur,
606 2203 642 2250 ut
675 2183 803 2250 Litterae
832 2181 1005 2270 subjuncta
1023 2202 1166 2262 notant,

97 2249 130 2285 ιω
164 2270 173 2300 ’
282 2270 445 2374 Hospitale
482 2267 523 2337 lic
557 2272 589 2336 in
622 2271 710 2338 ardo
744 2268 884 2360 positum
907 2291 971 2338 erat
997 2313 1009 2349 ,
1047 2273 1173 2339 Fratres

283 2359 328 2428 &'
341 2360 468 2436 Sorores
489 2358 668 2447 judicarunt
692 2355 923 2428 transsationem
945 2358 1117 2450 Hospitalis
1127 2361 1168 2427 ad

281 2449 381 2518 alium
412 2449 671 2517 commodiorem
701 2448 811 2516 locum
830 2445 1038 2516 neceffariam.
1068 2445 1169 2516 Poffi-

282 2537 397 2604 debant
418 2557 522 2604 autem
549 2540 681 2604 Curtem
703 2537 735 2604 in
759 2536 916 2604 Suburbio
938 2533 1038 2626 prope
1064 2539 1172 2604 Alae*

280 2646 347 2693 tum
367 2649 379 2702 3
410 2625 451 2690 ad
482 2647 550 2690 cam
571 2648 647 2693 cum
672 2624 862 2692 intenderent
883 2625 1044 2714 Hospitale
1067 2643 1166 2692 trans-

102 2714 258 2788 eradicator
281 2715 397 2792 ferre,
431 2711 550 2780 senatus
577 2755 589 2792 ,
624 2712 665 2780 ad
702 2711 960 2803 promovendum
985 2709 1048 2779 hoc
1062 2713 1166 2802 ‘pium

85 2777 196 2844 civibus,
282 2826 363 2896 opus
390 2809 422 2870 δι
450 2821 485 2870 ut
512 2802 727 2870 commodiori
748 2801 850 2869 modo
873 2802 1057 2878 locaretur,
1091 2823 1167 2890 par·
1237 2809 1238 2814 ’

281 2913 346 2962 tem
376 2892 465 2962 fundi
493 2892 641 2981 adjecit,
671 2891 729 2960 sub
755 2889 935 2960 conditione
962 2909 1067 2957 tamen
1093 2890 1167 2957 illuc

283 2967 489 3052 coemendi
522 2980 710 3073 Hospitale,
735 3000 770 3048 ut
787 3000 872 3072 patet
896 2978 1019 3066 exejus
1043 2978 1166 3048 Litteris

251 3089 252 3092 ’
285 3055 415 3159 desuper
441 3071 614 3145 conl'ediis,
632 3092 708 3155 quas
728 3093 765 3136 ex
789 3067 930 3170 originali
952 3063 1123 3158 subjungo.
1187 3122 1190 3128 .

328 3199 353 3236 „
368 3147 599 3224 UNIVERSIS
635 3154 764 3248 presens.
794 3155 946 3248 scrrptum
977 3155 1164 3222 intuentibus

214 3310 245 3320 ..
283 3289 308 3327 ,‚
322 3251 480 3315 Henricus
512 3242 549 3312 de
581 3241 765 3311 Herentlrals
798 3243 973 3312 Sculthetus
995 3242 1168 3311 &scabini

84 3307 255 3434 ,ᾗῇῃῖᾒῑξῗψ
281 3333 565 3426 „Annrerpienses
599 3339 631 3401 a
668 3328 800 3401 univerri
832 3331 972 3422 ejusaem
998 3330 1062 3400 roa
1084 3333 1166 3400 nun

278 3464 305 3502 „
317 3425 422 3514 genses
443 3425 584 3494 lalutem.

324 3511 560 3587 „Univerliuti
588 3510 690 3578 'vestre
728 3510 842 3577 notu'm
874 3510 1045 3584 Facimus,
1077 3507 1166 3596 quod

278 3620 373 3680 „nos
407 3602 458 3688 pie
485 3601 669 3669 devotionis
694 3595 811 3668 alfeuu
837 3597 995 3689 Hospitali
1022 3598 1168 3663 Annver-

275 3682 406 3780 „piensr
440 3688 473 3760 iu
514 3685 717 3762 elemoliuam
756 3687 950 3758 contulimus
975 3687 1165 3782 territorium
1254 3775 1257 3786 1

1062 3795 1163 3864 jacens
