2618 4396
258 323 829 414 '.C‘,ttniiroienizicuui
952 325 1020 416 '283'

106 417 270 508 &quoad
284 415 394 500 curtim
420 426 452 487 &
483 413 628 488 officium
656 416 808 504 suumin
822 411 949 482 veritate
962 412 1020 488 stnt
1081 402 1182 473 Anno

110 551 138 598 „
153 509 310 588 Decani,
334 499 521 601 &propter
558 505 622 576 hoc
650 504 778 595 dejure
803 502 937 570 debeant
957 500 1018 570 esse
1089 514 1186 584 1257.

114 638 143 676 „
158 597 364 679 sacerdotes,
396 583 472 692 sieut
496 597 688 686 quandoque
714 597 864 672 fuerunt,
886 597 919 658 δι
942 612 1021 658 con·
1242 596 1247 603 '

109 727 137 768 ,‚
152 685 247 754 tinui
263 688 294 753 in
303 687 412 762 eadem
420 683 653 763 restdere‚ficut
663 683 1022 772 quandoquefecerunt:

111 817 140 854 „
153 776 293 862 quidam
321 772 483 866 Praepositi
506 770 834 844 tamenoccastonem
862 792 930 838 non
949 765 1023 835 refi-

111 904 141 942 „
156 865 258 930 dendi
280 864 439 934 trahentes‘
457 863 658 942 i'nomine,
680 861 825 931 videlicet
841 861 915 947 quia
937 857 1022 926 Pre-

111 993 140 1033 „
156 949 257 1056 positi
291 952 363 1021 sunt
394 955 525 1044 vocati,
551 949 679 1020 relidere
710 950 965 1021 contradixerunt
989 947 1023 1012 in
1100 973 1104 982 ¹

112 1039 389 1145 ‚‚1psaeccl'eiia.
420 1044 555 1132 Propter
577 1063 716 1129 quorum
729 1039 898 1108 absentiam
923 1034 1025 1104 &de-

115 1171 143 1209 „
159 1131 286 1199 tedium
311 1132 395 1200 diua
416 1129 541 1200 ecclelia
566 1131 599 1197 in
623 1129 831 1222 spiritualibus
853 1135 1024 1217 &tempo-

117 1260 148 1297 „
165 1222 285 1286 ralibus
323 1221 456 1309 graviter
480 1219 523 1286 est
545 1219 627 1286 colla
650 1219 683 1286 sa
702 1226 735 1286 δι
759 1217 900 1309 quotidie
922 1217 1024 1305 magis

115 1348 147 1386 ‚,
167 1330 208 1374 ac
232 1308 331 1398 magis
355 1305 473 1376 corruit
494 1309 527 1375 in
551 1243 722 1376 defedum.
1025 1353 1027 1362 ι

171 1437 200 1474 ,,
224 1394 483 1464 STATUIMUS
515 1438 528 1477 ‚
580 1393 741 1485 querentis,
800 1391 873 1486 post
921 1391 1026 1464 deces·
1061 1440 1157 1496 mmo
1172 1445 1223 1494 m,

116 1483 232 1564 „sunt
276 1485 327 1553 vel
360 1480 527 1554 ceffionem
561 1482 722 1578 Praeposrti
759 1524 771 1563 ‚
833 1484 888 1572 qui
938 1506 1024 1551 nunc
1048 1505 1155 1560 conus.

120 1615 149 1653 n
162 1572 243 1652 est,
279 1595 397 1642 nomen
437 1581 590 1732 Prppoſsti
615 1592 830 1644 commutetur
851 1575 884 1641 in
906 1595 1027 1641 nomen
1113 1622 1116 1628 .

122 1667 291 1742 „Decani
315 1705 327 1740 ,
360 1669 392 1730 &
428 1687 492 1753 quo
552 1666 696 1756 deinceps
721 1666 754 1732 in
781 1663 866 1731 diua
889 1659 1027 1732 Ecciefia

122 1794 151 1831 „
166 1775 236 1818 non
263 1748 299 1818 iit
322 1751 572 1832 Pnffiposrrus,
595 1751 648 1818 sed
674 1754 845 1818 Dncnuus
869 1769 991 1818 tantum
1014 1791 1030 1828 ,

123 1841 222 1928 „qui
264 1839 377 1908 habeat
405 1840 525 1942 penitris
566 1840 699 1908 eandem
736 1837 982 1925 jurisdidiionem
1015 1880 1029 1916 ‚

125 1971 155 2010 „
168 1951 268 2017 quam
318 1927 427 1996 habuit
462 1929 611 1997 hedenus
649 1936 682 1996 δι
716 1926 810 1995 habet
841 1924 1030 2030 Praeposrtus

126 2059 155 2098 „
172 2037 368 2085 memoratus
390 2060 402 2098 ,
443 2025 476 2085 &
500 2018 541 2086 ad
568 2019 652 2086 idem
679 2035 817 2084 teneatur
831 2013 966 2081 omnino
989 2013 1053 2082 ad'

127 2107 258 2194 „quod
286 2105 331 2174 sui
361 2107 601 2202 praedeceffores
640 2102 802 2200 Proepostti
836 2106 1031 2172 tenebantur.
1188 2172 1222 2188 ..

128 2239 157 2277 ‚,
171 2196 218 2264 Ita
239 2196 369 2282 quidem
388 2197 477 2285 quod
500 2197 565 2291 ipse
585 2199 734 2274 Decanus
757 2193 919 2285 duplicem
942 2193 1029 2260 Prae·
1049 2171 1225 2304 affffiffl‘

130 2286 310 2366 „bendani
351 2285 465 2354 habeat
499 2330 510 2364 ‚
547 2310 645 2355 unam
681 2283 761 2354 sicut
796 2284 982 2353 Canonicus
1013 2322 1026 2360 ,
1163 2291 1169 2294 ’

128 2415 159 2454 ,,
171 2374 321 2460 reliquam
334 2372 413 2439 veri)
428 2417 438 2452 ‚
460 2375 605 2443 videlicet
615 2372 819 2452 vicesimam,
833 2396 928 2460 quam
942 2394 1029 2440 nunc

132 2480 255 2542 „tenet
278 2457 491 2553 Praepoiitus‘,
510 2461 622 2530 habeat
642 2463 762 2529 ratione
785 2460 972 2530 Decanatirs.

182 2551 260 2630 „Et
284 2551 357 2640 quia
382 2550 497 2618 reditus
518 2551 763 2622 Praebendarum
788 2552 882 2620 dete
897 2544 1030 2620 ecciefiae
1052 2544 1150 2656 rnpous
1169 2548 1228 2594 Ρη·

135 2637 288 2722 „nostrae
313 2658 418 2708 tenues
445 2639 516 2710 sunt
537 2648 570 2710 &
592 2641 682 2710 exiies
705 2665 762 2732 per
786 2641 956 2710 sestionem
980 2643 1031 2732 ip·
1051 2622 1228 2722 {istiffiropssi

136 2729 281 2810 „sorum
307 2730 345 2795 de
370 2753 470 2796 novo
486 2732 602 2800 fodiam
632 2731 775 2807 ibidem,
798 2739 831 2797 &
844 2733 906 2800 fere
919 2753 1030 2798 omnes
1053 2735 1108 2786 bur.

137 2835 347 2970 „proventus
383 2815 478 2906 ipsius
512 2815 645 2884 eccieiiae
670 2816 783 2882 nostrae
806 2817 864 2884 sub
887 2817 1030 2907 periculo

138 2946 165 2987 ,‚
202 2904 354 2972 umorum
377 2909 409 2970 &
432 2904 525 2987 maris
546 2903 617 2970 sunt
643 2902 801 2970 constituti
820 2929 838 2980 ¹3
864 2904 1032 2976 reditus&

139 2989 350 3086 „proventus
385 2990 549 3082 adipsum
574 2987 819 3083 Prmpofiturant
841 3015 926 3062 nunc
946 2993 1034 3085 spec·

140 3102 275 3166 „tannes
303 3078 413 3238 scum
444 3079 538 3149 nullae
561 3080 602 3148 ad
651 3078 760 3152 raesens
780 3084 1034 3187 temporquoti·

142 3214 167 3253 „
181 3172 280 3240 dianae
325 3168 529 3238 istributiones
553 3171 595 3238 ad
655 3193 724 3239 oras
747 3178 910 3242 canontca's
931 3170 1032 3242 sintin

141 3260 291 3343 „eadem
319 3257 471 3350 ecclesia)
506 3258 579 3354 pust
603 3259 763 3328 decessum
790 3261 842 3330 vci
868 3257 1035 3330 ceffionem

142 3345 343 3440 „Praepoiiti
368 3392 380 3429 ,
411 3351 462 3437 qui
490 3373 573 3417 nunc
594 3347 638 3416 est
665 3391 676 3426 ,
711 3350 743 3414 in
769 3370 959 3440 perpetuum
984 3376 1034 3420 ce.

142 3481 169 3520 „
182 3437 258 3504 dant
294 3436 335 3504 ad
370 3437 568 3527 quotidianas
604 3423 830 3506 distributiones
867 3443 901 3508 in
923 3441 1036 3513 eadem

143 3569 170 3610 „
184 3520 310 3596 ecclesia
332 3526 374 3594 ad
398 3529 504 3596 Horas
530 3527 697 3598 canonicas
723 3525 934 3598 distribuendi.

191 3614 296 3708 „lpse
328 3639 407 3683 vero
440 3619 589 3686 Decanus
608 3615 725 3694 -statim
747 3615 820 3710 post
851 3619 1037 3692 eiectionem
1058 3647 1174 3696 nemu,
1190 3643 1232 3694 de-

146 3705 274 3792 „suam
295 3702 474 3776 solemniter
501 3713 534 3776 &
556 3703 694 3802 expresse
721 3705 836 3796 jurabit
854 3707 941 3780 boni
954 3706 1038 3788 fide,
1059 3706 1101 3758 bet
1127 3704 1175 3756 etse
1191 3713 1232 3756 ⁸²·

912 3839 939 3878 22
951 3821 993 3890 qu
996 3820 1016 3865 0
1018 3800 1040 3872 d
1059 3773 1153 3826 cerdon
