2576 4386
295 261 852 336 cnrrsno'enrscrne
951 267 1020 348 '251'

130 348 322 446 {exemplu
344 353 435 423 ceteri
458 353 663 422 deterreantur
688 351 807 420 avitiis
825 357 858 420 dc
877 349 920 419 ad
942 374 1019 442 que·
1084 341 1184 412 Anno

129 485 160 528 2,
175 467 237 532 que
258 443 382 556 optima
403 459 628 534 provocentur.
1091 450 1190 521 1243.

181 573 206 612 ,3
218 530 296 600 Sane
320 533 410 600 Pater
428 531 612 608 venerande
627 529 760 598 Litteras
771 524 887 596 vestras
897 528 1018 620 accepi·

129 661 160 702 ,3
169 643 241 689 mus
280 627 312 688 δι
333 637 485 711 gratanter
506 620 683 711 accepimus
713 642 723 686 :
747 639 822 686 nam
843 633 962 709 gratam
983 618 1017 685 in

128 750 160 792 „
174 712 215 777 eis
242 731 309 777 rem
329 707 480 802 petivistis
498 734 511 785 3
532 711 651 801 gratam
673 709 807 796 utique,
842 703 932 794 quod
948 702 1019 796 spe-

128 820 274 880 „ramus
303 840 316 877 ,
360 797 576 876 hominibus,
608 815 728 889 gratam
757 793 914 898 Angelis,
942 809 1019 885 'gra-

128 927 159 969 „
172 905 239 955 tam
261 888 334 954 Deo
358 912 371 965 3
393 887 539 954 Domum
561 885 690 955 Ordinis
708 882 803 951 nostri
821 907 853 950 rn
873 884 1019 951 Antwer-

129 1017 159 1061 ,3
172 973 225 1068 pit
257 974 276 1043 d
310 976 400 1044 nobis
438 973 598 1058 instaurari
633 971 780 1066 petivistis
805 997 819 1051 3
846 970 1018 1040 subsidium

130 1105 159 1145 2,
173 1060 365 1156 promisistis.
412 1065 519 1132 Preces
550 1065 643 1156 igitur
663 1060 776 1130 vestras
801 1058 930 1153 benigni
954 1057 1020 1127 sus·

129 1195 158 1234 ‚,
174 1155 201 1221 ci
226 1155 306 1220 imus
339 1194 351 1232 ,
394 1175 442 1222 eas
472 1152 666 1221 admittimus
691 1177 703 1230 3
726 1153 846 1219 Fratres
880 1167 1019 1238 quatuor

130 1265 188 1323 „a
241 1241 455 1308 memoratum
478 1241 588 1308 locum
609 1239 785 1309 Paternitati
806 1237 904 1306 vestre
923 1257 1019 1304 trans·

129 1329 323 1412 „mittimus
335 1370 348 1407 ,
369 1351 449 1416 quos
479 1335 512 1396 δι
531 1327 630 1397 vestre
652 1327 879 1398 committimus
903 1324 1018 1394 sanus

127 1458 160 1500 2>
175 1435 239 1488 tati.
507 1495 510 1502 Ι

180 1507 345 1586 „Litteras
368 1525 475 1586 autem,
493 1507 617 1576 Vestras
640 1548 653 1585 ,
691 1505 784 1599 super
804 1504 867 1578 hoc
893 1503 1020 1573 abent:

128 1597 282 1686 „gnitate
315 1596 416 1664 vestra
433 1598 522 1665 nobis
550 1593 735 1664 transmissas
757 1595 842 1674 ‚cad
873 1591 1018 1663 nostrum

128 1725 158 1765 ‚3
172 1683 330 1752 Generale
350 1685 535 1777 Capitulum
557 1729 568 1762 ‚
597 1683 741 1776 proxim&
760 1686 914 1752 Bononiae
939 1682 1018 1750 cele-

127 1774 330 1854 „brandum
354 1816 366 1852 ,
389 1796 464 1842 cum
484 1771 594 1841 nostris
613 1773 736 1840 Litteris
758 1772 911 1839 volumus
928 1769 1019 1836 desti·

125 1884 241 1942 „nare
264 1911 275 1929 .
307 1869 340 1928 &
368 1882 402 1929 ut
419 1862 548 1954 plenum
570 1863 778 1928 Conventum
803 1860 902 1926 Vobis
924 1852 1020 1947 poffiss

127 1972 245 2032 „mus
277 1949 478 2016 transmittere
510 1948 598 2041 apud
622 1947 813 2050 Magistrum
838 1954 870 2016 δι
895 1941 1021 2013 Diffini·

131 2056 256 2120 „tores
279 2037 417 2126 ejusdcm
444 2033 737 2129 Capituli·fidelrtcr
758 2035 910 2102 laborare.

178 2127 336 2204 „Datum
363 2128 530 2218 Argentine
550 2126 584 2193 in
607 2123 752 2195 Crastino
774 2123 954 2198 Natiuitatis
966 2123 1022 2190 be-

134 2258 164 2299 ῃ
176 2234 225 2283 ate
251 2217 395 2306 Virgiliis.
408 2221 425 2243 n
724 2274 728 2280 .

177 2304 378 2406 Responsum
420 2305 574 2398 ·Capituli
641 2305 683 2371 ad
729 2303 880 2374 Senatum·
909 2302 1021 2372 eadem
1063 2293 1214 2366 uesponunn

130 2411 296 2462 contruens
329 2392 485 2484 subjungo
520 2418 559 2460 ex
598 2392 765 2484 Originali.
1033 2363 1200 2479 §afflans

181 2481 302 2558 „Viris
327 2479 483 2549 catholicis
507 2486 539 2548 &
560 2481 593 2547 in
613 2479 740 2549 Christo
760 2477 1020 2550 dilectisscnor-

129 2589 266 2653 „Taso
293 2610 306 2648 ‚
341 2567 503 2637 Serranus
542 2591 579 2637 ac
610 2570 668 2639 toti
694 2571 958 2638 connnnrrnrr
981 2570 1019 2638 de
1041 2555 1213 2671 ffflffli

130 2655 350 2749 „Antwerpii
372 2660 423 2726 Fr.
443 2661 488 2726 H.
512 2659 657 2728 Prior&
679 2655 871 2728 Diffiuitor·es
888 2660 1021 2751 provin-

128 2747 252 2828 „cialis
294 2747 434 2839 Capituli
471 2751 619 2816 Fratrum
658 2749 896 2816 Predicatorum
933 2747 1020 2837 apud

132 2877 161 2916 ‚3
174 2836 375 2925 Argentinam
410 2835 553 2901 celebrari
582 2833 715 2907 salutem
745 2841 777 2901 δι
801 2832 869 2902 suas
888 2834 1020 2901 devotas

130 2924 328 3005 „orationes
352 2921 440 3012 apud
461 2923 580 2987 Deum.
1010 2995 1012 3000 Ι

180 3009 428 3091 „Diledlionem
462 3007 598 3076 vestram
632 3051 645 3087 ‚
679 3030 777 3164 <ptum
801 3007 842 3077 ad
864 3004 1021 3077 Ordinem

131 3099 319 3182 „nostrum
339 3096 488 3180 habetis,
520 3120 595 3164 cum
627 3120 685 3166 mu
697 3116 733 3165 to
774 3098 950 3167 devotionis
972 3103 1021 3168 af-

132 3231 158 3269 „
172 3190 253 3257 fedtu
295 3187 496 3272 recolimus,
531 3193 565 3254 δε
599 3211 676 3256 cum
707 3210 761 3256 ma
782 3187 822 3256 ni
847 3191 1018 3281 gratiarum

133 3279 293 3357 „afflone
314 3275 534 3367 prosequimur
555 3301 568 3353 3
591 3295 711 3431 agentes
730 3279 760 3342 ni
786 3275 933 3344 ‘lomintis
949 3299 1020 3431 gra-

135 3407 161 3445 „
174 3366 229 3431 tias
251 3365 372 3454 Angclo
391 3364 496 3455 magni
526 3362 611 3439 const
623 3366 645 3432 ii
669 3363 732 3467 ’.5
753 3388 818 3452 quo
839 3385 937 3431 omne
980 3389 1020 3432 οι

132 3475 252 3536 „num
287 3458 319 3519 δι
355 3475 449 3520 omne
482 3452 620 3524 donum,
641 3474 803 3546 optimum
828 3450 871 3518 est
895 3451 1019 3521 descen·

128 3584 158 3626 ,3
171 3541 270 3620 dens,
292 3542 345 3626 qui
358 3543 448 3608 vobis
469 3562 535 3608 mm
557 3540 677 3608 salubre
704 3539 867 3609 confilium
884 3541 1015 3633 inspira-

135 3632 219 3719 „vit
240 3673 253 3712 ‚
277 3649 311 3698 ut
332 3629 350 3696 *a
375 3631 465 3699 nobis
485 3632 697 3712 communiter
722 3631 863 3724 peteretis
867 3673 902 3788 ὁ
931 3633 1019 3718 quod

822 3761 847 3802 2,
903 3741 1018 3789 omum
