2590 4388
319 337 538 408 entre-ro
572 355 827 420 causetur.
952 357 1011 417 119

133 447 259 496 carcere
284 448 294 496 t
321 426 401 496 undle
421 427 460 494 ab
481 423 629 494 boetem
653 447 709 492 ore
729 423 756 492 ei
777 439 852 490 nota
873 439 1014 516 eratper-
1080 415 1176 483 Amo

132 515 252 584 niciost
277 515 368 604 hujus
390 511 599 600 haereliarchae
622 447 777 581 tioslrlna.
799 575 803 582 ,
1070 525 1189 608 ''112'24

179 603 239 672 Sed
263 627 377 698 parurn
393 598 461 672 haec
488 604 616 671 curabat
633 601 834 679 Norbernts,
858 601 907 668 cui
921 623 1016 672 mun·
1048 599 1208 677 eruentem

132 693 213 761 dana
244 695 347 785 magis
376 689 473 780 qulam
504 687 700 760 ecclesiastica
741 683 808 757 vit'a
844 688 985 781 placebat
1006 715 1017 759 :
1036 659 1154 712 “dm

132 805 227 870 quare
253 783 348 850 etiam
371 781 549 852 ulteriorem
598 779 813 849 remotionem
836 778 877 846 ad
910 779 1017 867 diaco·

127 890 240 940 natum
271 869 531 938 &sacerdotium
564 803 674 938 sieibs
697 867 838 935 oblatam
872 865 1016 935 constan-

128 977 190 1036 ter,
210 957 369 1028 recusabat
379 984 392 1037 3
418 963 450 1026 δε
475 957 582 1030 aulam
600 891 820 1048 Kchiepisc'opi
840 956 1017 1046 relinquens

127 1045 238 1114 aulam
278 1049 440 1118 Heunrcr
477 1047 518 1124 Vf.
552 1044 752 1138 Imperatoris
785 1044 922 1114 adivit:
961 1045 1016 1114 ubi
1079 1057 1088 1066 “

127 1157 273 1210 amorem
294 1143 327 1206 &
349 1137 585 1218 venerationem
610 1135 758 1202 omnium
786 1130 840 1202 srbi
866 1134 1016 1205 concilia-

123 1225 196 1302 vit,
218 1247 287 1291 non
312 1244 378 1292 tam
423 1249 456 1291 er
474 1225 669 1293 nobilitatem
694 1223 784 1291 suam
807 1226 840 1291 &
865 1223 989 1294 divitias
999 1224 1016 1303 ,'
1104 1251 1107 1258 ·

125 1313 228 1400 quim
275 1336 308 1380 er
332 1335 372 1404 pe
401 1311 504 1380 onales
520 1315 621 1390 bonas
645 1307 817 1400 qualitates(
866 1341 869 1346 ·
977 1357 986 1368 κ
1095 1348 1098 1357 ·

171 1400 233 1490 Ep'
250 1421 380 1492 topatus
402 1398 634 1469 Cameracensrs
654 1419 728 1469 nme
751 1422 866 1468 vacans
889 1399 918 1468 el
930 1393 1012 1469 offe-

125 1489 283 1568 rebatur,
318 1507 353 1558 ar
382 1489 455 1579 quia
478 1487 593 1558 statum
621 1486 859 1559 ecclefiastieum
886 1488 1010 1576 avensa-

125 1579 248 1656 batur,
277 1601 351 1646 eum
383 1576 546 1650 recusavit.
590 1579 656 1652 Hic
687 1577 895 1671 Episcopatus
934 1578 1006 1646 dein

124 1665 214 1734 datus
227 1664 270 1734 est
288 1666 498 1747 burchardo,
519 1669 576 1758 qui'
593 1668 656 1737 hoc
666 1685 811 1759 tempore
829 1689 905 1744 cum
917 1669 1008 1735 Nor·

122 1753 214 1826 berto
235 1756 266 1821 in
291 1754 363 1826 auls
381 1757 580 1850 Imperatoris
601 1756 794 1826 morabatur.
843 1761 846 1771 '

167 1842 285 1912 Partim
313 1864 420 1914 autern
454 1848 597 1924 aberat,
627 1845 702 1932 quin
723 1841 911 1936 prosperitas
940 1843 1009 1920 haec

121 1932 327 2000 Norbertum
356 1934 398 2000 ad
422 1936 592 2024 perniciem
617 1933 743 2000 duceret
774 1955 785 2002 t
822 1955 898 2008 cum
923 1932 1008 2000 enim

121 2019 263 2088 mundus
285 2021 312 2087 ei
338 2023 459 2090 faveret
479 2043 507 2097 ‚·
525 2021 728 2089 aeternitatem
752 2039 819 2085 non
846 2023 1011 2096 curabat3
1116 2081 1118 2088 .
1155 2085 1161 2094 ,

119 2108 174 2176 sed
233 2108 320 2178 lenus
349 2108 530 2182 ambitione
564 2113 599 2176 &
632 2128 745 2190 amore
762 2103 849 2184 sui,
883 2105 1011 2174 nullmn

121 2131 393 2268 obleAEunentum
419 2194 474 2264 libi
497 2197 662 2290 negabat,
698 2193 908 2284 &quidquid
934 2216 1010 2287 pra-

120 2309 203 2358 vum
216 2284 401 2356 desiderium
426 2283 625 2382 exposceret,
645 2283 840 2363 sesiabattu3
861 2305 1009 2398 reputans

118 2374 244 2444 somnia
279 2382 312 2442 &
332 2374 487 2456 fabulas,
518 2398 590 2463 quae
620 2396 709 2443 mens
740 2373 780 2442 de'
804 2375 919 2444 'furum
939 2368 1007 2443 viri

120 2463 293 2532 identidem
311 2462 502 2558 suggerebat.
775 2546 778 2552 y
893 2545 896 2550 ¹

164 2549 226 2620 Sed
252 2553 340 2621 Deus
359 2595 371 2631 ‚
403 2551 477 2654 qru'sa
497 2549 697 2622 Norbertum
720 2551 761 2623 ad
779 2553 810 2622 A
825 2547 1006 2626 'ostolatum
1027 2566 1085 2621 mus
1098 2580 1199 2620 conver·

118 2638 356 2721 destinaverat,
376 2663 449 2710 eum
468 2659 632 2731 tamquam
654 2643 786 2714 alterum
808 2573 948 2714 saulum
966 2669 1006 2714 ex
1026 2628 1068 2682 ⁶⁰·

117 2727 229 2818 abyll'o
254 2732 452 2800 tenebratum
477 2737 511 2800 &
536 2732 700 2825 impietatis
722 2730 878 2801 consimili
899 2733 1004 2802 modo

115 2819 281 2886 revocavit
306 2842 316 2886 ι
340 2843 417 2888 cum
442 2820 527 2885 enim
548 2819 691 2906 quodan'r
714 2821 764 2887 die
790 2819 891 2888 sericis
909 2819 1006 2888 indu-

113 2925 167 2974 tus
189 2903 325 2974 vestibus
350 2903 450 2996 probi
475 2924 590 2973 ornato
613 2903 743 2973 insidens
755 2911 837 2994 equo
845 2929 903 3062 per
915 2926 1005 2998 prata
1030 2909 1034 2915 ⁴

115 2991 343 3061 deambularet·
366 3013 442 3060 cum
476 2993 572 3060 unico
602 2991 634 3060 se
666 2991 813 3082 sequente
858 2994 1006 3076 amulo,

111 3079 220 3152 subitb
240 3080 371 3170 suborta
393 3079 437 3149 est
461 3078 624 3175 tempestas
645 3079 678 3150 in
697 3087 767 3152 aere
786 3125 798 3162 ,
817 3083 943 3178 fulgura
970 3089 1004 3154 &

113 3172 253 3241 tonitrua
274 3169 459 3250 honibilia;
481 3169 617 3242 famulus
638 3171 773 3252 clamat,
797 3192 832 3244 ut
853 3173 1003 3254 redeant;
1128 3193 1131 3200 ¹

112 3265 149 3328 δι
174 3257 276 3328 statim
294 3259 377 3330 cadit
395 3260 504 3354 firlgur
528 3258 713 3352 antepedes
737 3287 754 3331 e
776 3263 842 3352 ui«,
865 3266 1003 3331 combu-

111 3369 184 3418 rens
206 3349 346 3441 grmnine
380 3354 414 3418 &
438 3349 574 3442 aperiens
603 3367 717 3424 terram
739 3285 786 3422 ai
804 3350 1007 3438 altitudinem·

111 3436 285 3594 holminis3
315 3435 397 3507 und&
416 3439 513 3508 foetor
534 3435 692 3531 sulphuris
719 3455 881 3528 tamquam
907 3439 1003 3512 infer·

111 3549 203 3595 nats.
696 3537 702 3554 ⁸

150 3615 283 3699 Jacebat
315 3615 356 3684 ab
394 3615 458 3688 uns
478 3635 566 3713 parte
588 3617 770 3690 Norbertus
794 3616 965 3711 prostratus
985 3630 1001 3698 ῥ’

113 3706 154 3780 ab
179 3704 239 3774 alia
274 3723 363 3798 parte
388 3729 485 3796 equus
513 3714 547 3777 δι
569 3708 708 3778 fitmulus
731 3709 916 3801 perterritus.
960 3707 998 3774 In

110 3813 153 3872 ,ω
178 3791 260 3870 statu
294 3791 409 3872 nanfit
439 3813 603 3961 tamqpiarn
637 3815 781 3870 mortuus
809 3797 851 3870 ad
872 3797 1026 3956 hobam·
1150 3794 1156 3811 ⁴
