2576 4386
270 322 338 390 '186
517 315 915 392 'intervenerit'

44 404 46 408 ⁴
122 404 220 475 Anno
269 411 368 479 maiia
400 413 433 480 δε
453 409 675 504 temporalia·,'
708 408 839 481 Sorores
870 406 1023 480 curabant
1042 409 1173 484 morbo

128 517 221 582 1204.
270 499 413 569 infectos.

113 649 118 660 .
315 591 398 656 Non
420 587 464 658 est
487 589 720 671 dubitandum,
745 591 821 678 quin
844 588 1000 682 bospiteie
1025 587 1092 661 hoc
1106 615 1162 662 an-

76 659 138 766 'tiene
269 676 321 748 teir
340 677 535 749 substiterit:
571 681 646 769 quia
666 679 740 773 post
760 703 879 772 paucos
902 702 1035 758 annos,
1075 703 1163 750 anno

268 791 387 860 nempe
409 766 568 860 trigefimo
592 770 714 838 octavo
743 767 837 858 hujus
858 767 953 838 seculi
976 764 1159 840 transsatum

268 855 314 926 est
348 857 389 926 ad
418 857 565 938 locum,
602 860 636 926 in
659 882 724 948 quo
750 881 835 927 nunc
862 877 984 936 extat3
1022 863 1054 926 δι
1077 860 1157 928 ratio

267 943 473 1016 transsationis
495 951 623 1018 refertur
644 990 658 1028 ,
695 947 788 1038 quod
810 945 883 1016 effer
912 943 1104 1016 aedificatum
1124 949 1158 1016 in

267 1035 346 1106 loco
368 1037 461 1104 nimis
483 1037 572 1106 uuo
593 1064 606 1116 5
627 1061 697 1126 quae
719 1039 800 1106 ratio
818 1035 973 1106 ordinarie
998 1059 1063 1104 non
1074 1036 1161 1104 mili·

265 1141 313 1192 tat
337 1127 370 1192 in
397 1124 474 1194 iocis
496 1144 631 1195 recenter
650 1125 799 1196 fundatis.
843 1125 1027 1194 Fundatun
1046 1143 1154 1194 autem

265 1231 334 1281 erat
357 1214 390 1281 in
413 1236 491 1307 agro
516 1218 555 1284 B.
576 1216 715 1295 Mariaes'
741 1235 778 1284 ut
792 1216 929 1303 antiqua
946 1233 1155 1284 monumenta

265 1305 458 1392 serunt,qui
472 1327 570 1392 quam
582 1304 640 1372 late
651 1306 810 1396 patuerit,
836 1327 904 1372 non
913 1305 1019 1392 liquet.
1042 1303 1154 1372 Locus

265 1389 398 1462 stristibs
411 1393 621 1462 deternritatus
634 1394 713 1461 inter
723 1393 828 1462 scedas
840 1393 904 1462 loci
917 1416 981 1461 non
992 1393 1156 1485 reperitur.

309 1478 438 1550 Litterae
459 1482 652 1550 fundationis
670 1481 737 1570 jam
762 1507 828 1551 non
853 1483 1079 1550 inveniuntur:
1101 1506 1156 1548 ex-

263 1569 372 1637 tabant
394 1589 501 1638 autem
521 1570 626 1639 adhuc
655 1594 739 1638 anno
771 1594 889 1661 1429„
910 1571 1038 1660 quando
1059 1569 1155 1636 Mar-

262 1657 344 1727 tinus
381 1661 443 1728 PP.
469 1661 511 1727 V.
541 1658 786 1730 Comrniffatios
815 1661 996 1729 nominavit·
1020 1657 1062 1726 ad
1097 1659 1154 1726 de-

263 1745 408 1818 claranda
430 1755 463 1816 &
485 1749 714 1855 interpretanda
735 1769 843 1820 vetera
865 1749 983 1820 Statura
1028 1745 1159 1818 domiue

263 1835 482 1906 Commiffarii
504 1839 547 1906 illi
566 1859 643 1908 inter
668 1839 729 1907 alis
757 1839 912 1930 jusserunt
922 1837 1057 1931 proferri
1079 1839 1179 1905 ibn-¹
1276 1841 1277 1854 ¹

149 1975 153 1984 .
263 1924 427 1996 dationem
452 1926 634 2020 hospitalis3
656 1929 781 2034 prolate
800 1928 863 2009 est,
886 1935 919 1996 δι
944 1925 982 1996 ed
1016 1923 1063 1994 uti
1084 1925 1158 1994 sunt

262 2016 294 2082 in
332 2015 394 2086 suis
428 2018 732 2112 interpretationibus
763 2061 776 2098 ‚
817 2041 951 2106 eamque
992 2017 1088 2085 citant
1120 2016 1154 2082 in

176 2103 181 2113 ’
263 2105 353 2174 netis
379 2105 443 2176 suis
463 2131 475 2176 t·
497 2123 542 2176 'ex-
560 2128 658 2176 tenore
686 2151 698 2187 ,
720 2105 895 2196 inquiunt,'
904 2112 1012 2199 prime
1028 2101 1155 2194 funda·

86 2243 89 2250 ⁴
265 2197 366 2264 rionis.
389 2195 450 2264 Sed
471 2197 511 2264 de
533 2195 581 2264 bis
604 2196 685 2264 infrd
706 2196 766 2264 suo
785 2197 857 2264 loeo
891 2193 990 2275 laniis.

99 2304 235 2371 nospitau.
308 2282 436 2353 interim
469 2285 689 2377 Hospitalariae
718 2285 768 2355 hae
790 2284 909 2390 pietatis
921 2282 1070 2375 operibus
1093 2281 1153 2350 de-

71 2371 134 2481 nupti
147 2373 243 2436 pretatis
264 2369 407 2444 firdantes
428 2395 581 2466 pauperes
604 2394 730 2469 egrotos
749 2375 934 2466 recipiebant
956 2373 1154 2442 &curabant

70 2446 103 2496 ⁰?
130 2448 153 2484 ²
265 2483 343 2529 cum
371 2462 424 2533 tali
450 2463 603 2533 charitatis
627 2461 745 2534 affedu
756 2507 775 2543 ,.
792 2481 828 2534 ut
846 2484 991 2530 amorem
1009 2467 1153 2552 &vene-

263 2551 417 2622 rationem
437 2554 585 2622 omnium
609 2551 663 2620 fibi
684 2553 914 2632 conciliarent,
939 2573 1006 2618 non
1029 2548 1152 2618 tannim

264 2638 387 2705 civium
427 2647 460 2706 δε
485 2640 643 2721 Senatbs,
674 2640 727 2709 sed
761 2649 795 2710 δε
828 2638 1024 2710 Marchionis
1051 2637 1152 2706 nostri

264 2724 366 2795 Ducis
385 2729 558 2798 Brabantiae
588 2728 651 2799 hoc
669 2749 814 2823 ternpore
834 2729 983 2824 regnantis
1002 2769 1020 2807 ‚.
1037 2727 1091 2816 qui
1116 2729 1152 2795 in

232 2817 235 2834 '
265 2815 325 2884 suo
347 2817 533 2912 Diplomate
554 2820 634 2889 infrd
657 2820 697 2887 ad
723 2842 844 2888 annum
871 2841 963 2910 1230.
987 2815 1151 2889 referendo

266 2906 379 2988 dicit,
414 2911 504 2998 quod
529 2907 694 3002 Magistra
724 2909 761 2982 ἔθ’
787 2917 959 2979 Conventus
993 2905 1150 2998 hospitalis

265 3001 508 3091 Anrwerpiensts
527 2997 611 3068 bonis
631 2994 768 3094 operibus
781 3001 820 3088 ju
843 3004 900 3067 iter
921 2993 1153 3090 instssrndopre-

254 3093 426 3171 sumantur
444 3087 488 3154 ad
492 3175 495 3180 .
497 3089 630 3179 superne
650 3094 792 3156 Civitatis
809 3025 979 3178 domesticos
987 3089 1150 3178 pertinere.

262 3174 316 3241 De
335 3171 398 3240 hoc
420 3174 580 3266 Hoipitaii
606 3173 693 3242 latius
716 3174 796 3242 infrb
817 3176 859 3242 ad
877 3197 997 3242 annum
1012 3183 1102 3240 1226.

111 3289 212 3353 rnre.
307 3263 410 3332 Dono
450 3265 614 3333 Huuurcr
659 3265 837 3332 Brabantiae
875 3264 975 3332 Ducis
1014 3258 1151 3329 obtinuit

68 3366 240 3444 'Abusui'cn
263 3354 399 3432 ¹Abbatia
418 3353 449 3425 S.
469 3352 656 3432 nfichaelis,
678 3375 762 3420 anno
784 3351 878 3441 hujus
894 3351 988 3420 seculi
1001 3348 1149 3426 decimo,

68 3431 225 3508 ⁸⁶q⁰¹¹¹‘.P¹s·
262 3442 309 3530 jus
333 3444 471 3532 piscandi
497 3445 529 3512 in
551 3445 637 3532 aquis
660 3443 700 3510 de
721 3440 932 3511 Berendtecht
943 3481 956 3519 ‚
979 3439 1165 3515 Orderen,'

69 3511 237 3614 iffi&
262 3529 507 3603 Wiltnerdonck
538 3539 571 3600 δι
591 3530 797 3601 Ousterweel.
829 3529 987 3635 Diplorna
1017 3527 1149 3619 desuper

263 3619 374 3688 datum
400 3620 596 3701 confirmans-
614 3618 792 3701 testatur-se
816 3617 931 3688 vidiss'e
959 3619 1151 3686 Purrrrrus

247 3706 417 3803 *flandrie
437 3713 667 3784 eomesunno
697 3732 790 3802 1393.
815 3733 872 3805 per
895 3709 1009 3780 litteras
1038 3705 1151 3889 rgalpls·
