2590 4388
289 247 828 329 Crr'rt'r'sro'ertaseauts

105 353 109 362 '
160 337 379 419 Notandum,
401 338 565 430 epistolam
587 337 668 406 hanc
684 361 739 438 per
752 337 999 410 ClerumUltra-
1065 333 1162 404 Anno

115 427 272 520 jedinum
303 429 449 584 scriptam
467 426 526 495 effe
549 427 589 494 ad
615 427 815 520 Epiicopum
827 428 1000 497 Colonien-
1069 446 1166 494 1112.

115 519 210 597 sem,
232 519 312 586 dtun
336 517 385 584 ile
406 515 641 584 Tanehelinum
668 538 744 584 cum
762 515 888 584 duobus
911 517 1000 586 disci·
1049 513 1172 566 ΝΟΜ·

115 606 201 699 pulis
221 606 373 674 detinebat
390 606 423 672 in
443 627 563 674 carcere
574 630 586 683 3
612 604 752 692 adeoque
774 605 815 672 ad
827 606 1000 673 informan-

116 695 197 764 dum
219 695 420 798 Episcopum
439 693 521 762 circi
545 709 657 764 eorum
682 692 818 762 excessus
830 737 842 774 ,
867 714 903 762 ut
913 691 1000 764 tantb

115 782 288 852 accuranits
323 805 377 851 eos
403 785 544 852 retineret
584 789 620 850 8c
662 806 700 850 ro
722 785 838 852 merito
890 785 1020 852 uniret:

115 873 204 942 Hinc
224 873 337 940 Clerus
359 868 612 961 Ultrajeetenfis,
633 800 703 940 derit
727 872 833 951 dicat,
869 898 886 940 e
907 869 1010 966 plura

114 960 312 1054 supprimere
334 984 395 1054 pro
413 962 563 1029 brevitate
582 1003 594 1040 ,
615 958 697 1028 ¹certi
718 983 784 1028 non
803 959 909 1031 omifit
930 983 1002 1053 gra-

116 1052 245 1154 yiora,
276 1074 349 1140 quae
365 1069 367 1072 ·
383 1050 558 1120 conducere
596 1047 768 1142 potuiffent
805 1051 847 1120 ad
876 1051 1001 1122 distum

114 1158 281 1208 {mentimi-
550 1195 554 1202 ι

163 1229 288 1296 Deinde
312 1230 422 1298 omnia
447 1221 787 1298 erimina'Tanchelini
813 1235 845 1300 8ο
868 1226 1000 1300 sedato·

76 1374 79 1384 ,
115 1337 194 1385 rum
216 1317 310 1386 relata
345 1320 379 1387 in
404 1316 498 1387 hace
521 1316 609 1384 istola
633 1313 805 1386 re'fenmtur
837 1337 1001 1407 tamquam

115 1405 245 1562 peraeta
267 1407 300 1473 in
325 1405 449 1476 dioe‘ceii
474 1341 676 1502 (dirrajediina
700 1449 713 1486 ‚
734 1408 1001 1500 quae'protende·

141 1515 210 1564 atur
232 1496 265 1562 in
286 1495 470 1566 Zelandiam
491 1503 686 1588 &magnam
698 1495 852 1569 Flandriae
867 1515 1001 1591 partem.

162 1586 356 1654 Notandum
366 1583 530 1665 secundd,
551 1587 665 1673 quod,
687 1587 815 1674 quando
826 1586 894 1656 haec
908 1586 1000 1682 Epis·
1024 1601 1047 1648 s.
1059 1598 1197 1660 norberte,

117 1674 185 1743 tola
218 1673 275 1742 scri
301 1694 331 1744 ta
355 1675 398 1743 est
422 1719 434 1755 ,
461 1674 517 1742 seu
535 1675 664 1761 quando
688 1667 901 1746 Tanchelinus
923 1694 1000 1744 cum
1025 1664 1111 1727 ’ΒΜ
1124 1667 1172 1720 ¹¹⁰⁰

114 1763 207 1831 sociis
228 1697 375 1831 Ceioniae
392 1763 425 1831 in
446 1779 566 1832 carcere
578 1762 794 1842 detinebatur,
816 1783 893 1832 tunc
910 1766 1003 1831 Nor·
1022 1739 1135 1848 {333⁶
1146 1739 1197 1786 ΟΦ

116 1855 241 1929 bertus,
263 1853 318 1938 qui
330 1853 400 1918 dein
418 1849 723 1919 Praemonstratenses
747 1851 915 1932 fundavit,
929 1875 1019 1946 ages

119 1958 167 2008 ret
178 1940 211 2005 in
233 1939 318 2006 Aula
334 1940 486 2030 Episcopi
496 1935 702 2006 Colonieniis.
717 1939 1003 2031 Hincpraesumen·

120 2030 204 2096 dum
214 2053 226 2107 5
249 2027 338 2116 quod
349 2025 527 2094 Norbertus
542 2043 618 2092 tunc
630 2019 754 2094 noverii
772 2024 1006 2096 Tanchelinum

119 2117 247 2206 ejusque
270 2135 388 2184 errores
411 2122 443 2183 &
461 2114 583 2184 scelera.
615 2113 677 2185 Sed
700 2135 816 2208 parum
837 2113 906 2185 haec
931 2133 1005 2186 tunc

117 2209 250 2275 curabat
272 2207 448 2274 Norbertus
474 2249 485 2286 ,
520 2205 572 2273 cui
595 2205 759 2276 mundana
777 2206 883 2300 ‘magis
908 2205 1005 2296 quim
1073 2211 1074 2216 ’

118 2291 319 2364 ecclesiastica
331 2295 419 2362 cordi
432 2307 538 2372 erant5
561 2314 597 2363 ut
607 2295 828 2366 infridice‘tur.

167 2383 362 2452 Notandum
387 2382 520 2470 denique
547 2379 781 2454 Tancheiinum
812 2383 1007 2478 prohibuiffe
1029 2415 1200 2472 neuma,

117 2471 267 2543 eximere
292 2470 426 2542 decimas
452 2469 596 2540 ministris
620 2471 782 2554 ecclesie,
806 2495 874 2543 non
899 2489 1005 2544 autem
1028 2479 1116 2557 dunno
1131 2487 1184 2538 odi·

120 2557 317 2720 prohibuisse
340 2581 390 2630 eas
402 2559 545 2630 exhibere
557 2561 638 2632 laicis
651 2565 668 2642 ς’
687 2565 827 2653 adeoque
846 2564 883 2634 id'
894 2564 1007 2659 prohi·
1029 2543 1102 2598 ΒΜ

145 2654 215 2720 ebat
237 2650 270 2718 in
294 2649 408 2719 odium
434 2647 899 2724 eccletiaercecclefiafflcorum
911 2699 924 2734 ,
939 2677 1006 2724 non

119 2760 230 2809 autem
261 2739 293 2808 in
329 2740 544 2810 commodum
566 2760 622 2810 aut
645 2742 788 2812 levamen
815 2743 1009 2813 colonorum

126 2848 184 2897 aut
209 2829 502 2920 proprietariorum.
526 2829 540 2894 1
565 2827 601 2896 sts
614 2831 697 2896 enim
711 2826 803 2920 plane
834 2823 1010 2899 indifferens

119 2937 226 2996 erat,
254 2914 517 3006 numpenderent
551 2915 909 2998 ecim'asecclefiasticis,
929 2933 1009 2990 num

121 3005 218 3076 lai'cin

167 3087 294 3164 Interim
319 3094 388 3166 haec
410 3091 597 3165 Tanchelini
617 3095 760 3169 dosttina
780 3097 813 3170 in
826 3095 1009 3182 caurauni,

121 3208 221 3273 quare
240 3187 429 3283 Capitulum
453 3188 676 3278 Antverpiense
699 3187 762 3258 hoc
782 3207 850 3259 tem
874 3215 928 3259 ore
941 3212 1009 3259 tam

105 3273 229 3342 vmulta
252 3273 377 3365 paffuin
400 3273 435 3344 iit
460 3277 492 3342 in
513 3275 661 3353 decimis,
683 3278 772 3364 quod
790 3280 871 3360 infra
884 3281 1012 3368 patebit.

123 3365 179 3432 Ab
203 3383 243 3429 eo
262 3379 404 3517 tempore
424 3379 588 3459 coeperunt
609 3362 740 3431 decima
763 3365 893 3432 odibiles
905 3365 1012 3446 reddi,

123 3473 193 3520 non
218 3450 293 3538 quia
330 3451 546 3529 olvebanturr
570 3449 624 3519 sed
653 3452 727 3519 'uia
752 3451 822 3554 jam
842 3453 912 3521 inde
935 3471 1011 3524 tune

123 3540 235 3611 multae
256 3539 504 3632 percipiebantur
522 3543 561 3608 ab
572 3474 786 3609 eccleiiasticrs.
808 3531 1011 3613 Ecclefiastici

125 3632 216 3698 abeo
235 3647 380 3722 tempore
394 3630 506 3698 mtdtns
518 3630 733 3786 percipiebant
755 3621 913 3714 decimas,
936 3629 1009 3721 quia

124 3716 450 3800 fundamendum
466 3743 519 3789 ecc
533 3717 604 3877 gas
627 3739 682 3791 aut
705 3719 891 3820 monasteria
913 3725 1012 3876 ugge-

110 3833 117 3862 ’-
591 3830 611 3877 2
757 3851 762 3864 ι
816 3841 840 3872 κ
960 3827 1012 3879 ant
