2576 4386
253 273 475 350 Cunrsro
512 289 776 352 enascens*
888 299 953 367 245

120 363 251 458 Insuper
271 365 351 438 forti:
372 366 435 438 hoc
458 388 602 462 tempore
627 383 765 460 coeperat
775 367 957 436 Willelmus
1027 359 1125 430 Anno

80 459 244 537 Cornelii,
276 457 315 524 de
336 480 403 544 quo
426 457 521 549 supri
544 457 585 526 ad
610 463 732 525 annum
755 476 846 542 1240.
858 498 871 536 ,
889 479 959 524 ma·
1034 469 1129 536 1242·

79 544 220 616 nisellare
250 544 338 616 salsas
363 547 528 646 opiniones
551 544 632 616 circa
655 545 805 614 meritum
826 567 962 639 pauper-

79 635 171 713 tatis,
196 643 229 704 &
252 638 387 705 fautores
407 661 443 705 ac
461 635 625 722 sedatores
649 633 869 702 habere.Hinc
882 632 963 702 certe

27 751 36 770 ·
79 721 243 816 Episcopo
272 723 447 818 plutimlmr
478 725 616 796 timenda
647 743 711 793 erat
733 723 863 794 infectio
885 723 976 796 Ant-⁴
1061 783 1064 790 .

80 812 303 906 verpienlium.
570 813 572 821 '

123 905 208 970 Non
227 901 271 972 est
294 922 400 974 autem
420 904 665 983 dubitandum,
700 905 775 994 quin
797 903 867 973 hac
892 925 966 973 mo·

81 992 184 1061 verint
205 993 410 1098 Episcopum·
428 997 466 1072 ad
492 1017 559 1069 rem
584 995 665 1064 hanc
684 991 969 1088 promovendam

82 1079 147 1150 hoc
170 1083 255 1150 enim
277 1081 345 1152 sans
369 1083 485 1153 indicat
505 1085 537 1154 in
557 1084 680 1154 Litteris
702 1107 713 1162 ,·
735 1105 812 1172 quas
825 1081 969 1176 'desuper

81 1167 201 1266 scriplit
224 1171 265 1238 ad
283 1173 478 1263 Capitulum.
494 1175 558 1240 FF.
580 1173 854 1249 Praedicatorum,
878 1168 968 1258 quod

82 1258 297 1326 celebrabatur
318 1261 564 1352 =Argentorati5
595 1263 627 1326 in
662 1261 719 1328 illis
747 1263 831 1328 enim
862 1259 969 1334 dicit,

83 1345 178 1434 quod
212 1366 296 1440 petat
321 1349 536 1428 'conventum
558 1351 704 1416 Fratrum
730 1349 811 1416 mitti
836 1349 984 1417 anives..

84 1437 174 1526 piam
213 1452 342 1528 propter
376 1435 598 1506 incumbentem
612 1441 675 1530 fii
701 1437 737 1508 ss
753 1433 886 1528 subditis
902 1436 971 1528 suis

86 1549 156 1593 nece
176 1547 279 1593 atatem
309 1531 515 1608 maximam,
555 1545 590 1595 ut
622 1527 655 1594 in
678 1526 742 1616 ejus
770 1525 895 1596 Litteris
924 1525 974 1592 in·
1042 1567 1047 1574 -

86 1613 133 1682 fra
156 1615 264 1682 dandis
286 1616 451 1686 videbitur.

132 1704 230 1782 Ratio
261 1723 367 1772 autem
398 1747 410 1784 ,
443 1729 538 1794 quare
577 1703 693 1794 Episco
719 1727 756 1773 us
789 1704 975 1794 judicaverit
998 1705 1078 1774 Qu?
1091 1694 1172 1764 potres

87 1790 194 1898 petiis
226 1793 431 1877 advocandos
465 1797 584 1862 Fratres
620 1727 843 1868 Praedcatores
879 1791 976 1880 quim
998 1763 1173 1878 ffic'im

18 1879 22 1892 ’
87 1880 212 1972 alterius
232 1881 364 1966 Ordinis
381 1882 559 1972 Religiosos
580 1923 593 1958 ‚
622 1879 691 1948 haec
716 1879 808 1949 firiss'e
827 1881 978 1960 videtur,

88 1965 182 2058 quod
208 1968 253 2040 illi
285 1992 351 2037 non
373 1968 495 2038 tannim
524 1972 564 2041 ab
585 1966 777 2036 institutione
797 1992 874 2038 cum
893 1972 981 2036 Fun-

91 2059 202 2130 datore
237 2056 269 2126 S.
288 2059 519 2156 Doumwo,
549 2057 603 2126 sed
636 2057 729 2126 etiam
757 2057 819 2126 hoc
838 2075 981 2162 tempore

90 2171 158 2246 prae
193 2148 308 2216 caeteris
338 2147 488 2242 vigorosi
522 2147 638 2235 ubique
661 2166 787 2240 agerent
813 2163 921 2215 contra
944 2143 984 2214 sr-

91 2235 180 2322 miles
206 2235 379 2306 hareticos.
413 2237 489 2308 Inde
513 2237 673 2328 judicabat
696 2261 750 2306 eos
770 2237 864 2308 etiam
881 2236 984 2304 maxi·

92 2322 145 2392 md
170 2323 301 2392 idoneos
324 2325 365 2394 ad
386 2327 640 2417 praeservandam
669 2327 842 2396 Civitatem
873 2326 983 2394 contra

91 2412 296 2488 inr'eslionem
318 2455 331 2492 ‚
366 2437 437 2503 quae
457 2416 635 2499 timebatur.

139 2499 318 2604 Episcopus
352 2501 455 2591 itaque
492 2500 692 2572 occasionem
729 2505 870 2584 nasius,
902 2504 983 2596 dum
1055 2567 1093 2614 η
1147 2560 1149 2568 ,

93 2589 285 2682 ῼαριωὶωη
320 2591 384 2658 FF.
418 2593 667 2662 Praedicatorum
690 2595 900 2664 celebrabatur
922 2597 984 2661 Ar·
1094 2566 1148 2633 43⁶

95 2681 248 2772 genterati
279 2723 293 2760 ,
338 2683 435 2774 coepit
479 2705 568 2776 agere
604 2685 692 2774 apud
724 2685 905 2775 Principem
942 2684 1013 2760 ad,
1048 2679 1181 2746 Episcopus

96 2769 307 2844 obtinendum
333 2771 517 2839 consensum
539 2771 604 2858 ejus
654 2795 691 2843 ro
715 2773 873 2842 cressione
894 2773 987 2837 con-
1006 2756 1183 2863 'ffi‘ffiss

97 2853 208 2924 ventsls
234 2857 266 2924 in
293 2855 533 2936 Manebionatu.
556 2795 659 2930 Facile
675 2874 782 2925 autem
802 2855 987 2926 consensum
1008 2873 1078 2937 cipis.

96 2945 186 3013 hunc
224 2946 392 3023 obtinuit,
428 2967 504 3013 cum
538 2945 682 3036 Princeps
713 2947 753 3012 ab
784 2942 989 3018 adolescentia

95 3033 257 3104 Ordinem
292 3033 383 3104 illum
407 3031 575 3104 dilexisset.
619 3035 676 3104 Et·
692 3057 763 3110 non
795 3049 921 3108 tantum
939 3034 990 3103 in-

100 3123 190 3194 duxit
211 3122 391 3218 Episcopus
412 3123 590 3214 Princiem
613 3124 653 3195 ad
675 3121 891 3196 Praeli'andum
911 3141 989 3194 con-

98 3209 248 3292 sensum,
270 3211 323 3283 sed
343 3214 437 3284 etiam
456 3213 498 3282 ad
514 3147 715 3287 scribendum·
734 3215 775 3284 ad
801 3213 990 3308 Capitulum

98 3307 133 3370 &
161 3301 329 3393 petendam
356 3302 441 3378 hunc
467 3305 503 3372 in
521 3301 619 3373 finem
637 3299 897 3376 transmissionem
914 3302 990 3398 Fra·
1121 3383 1124 3394 .

101 3409 200 3464 trum.
651 3421 678 3430 '¹
982 3403 987 3417 ’
1049 3409 1054 3416 ’

149 3476 222 3572 Egit
251 3480 346 3550 etiam
374 3507 452 3561 eum
478 3481 591 3552 Senatu
613 3482 795 3576 &populo
820 3481 990 3578 Antvctpi-
1043 3489 1074 3546 ire
1087 3487 1187 3572 senene

104 3566 205 3648 eost,
237 3591 317 3658 quos
346 3572 434 3642 facile
466 3574 587 3642 induxit
610 3595 676 3640 non
703 3570 824 3641 tantiam
851 3571 892 3639 ad
912 3595 990 3640 con·
1010 3557 1186 3626 *mm

105 3657 301 3734 sentiendum
325 3701 339 3743 ‚
369 3661 423 3732 sed
447 3666 540 3733 etiam
560 3662 602 3736 ad
618 3661 818 3732 scribendum
840 3669 990 3761 &perena

555 3755 633 3845 Q
916 3751 989 3818 dam
